%YAML 1.1
%TAG !u! tag:unity3d.com,2011:
--- !u!1 &396209804148791396
GameObject:
  m_ObjectHideFlags: 0
  m_CorrespondingSourceObject: {fileID: 0}
  m_PrefabInstance: {fileID: 0}
  m_PrefabAsset: {fileID: 0}
  serializedVersion: 6
  m_Component:
  - component: {fileID: 5998367272005539835}
  - component: {fileID: 2975649468724432856}
  - component: {fileID: 3972968785974234335}
  - component: {fileID: 6017109878571310250}
  m_Layer: 0
  m_Name: Ch09.001
  m_TagString: Untagged
  m_Icon: {fileID: 0}
  m_NavMeshLayer: 0
  m_StaticEditorFlags: 0
  m_IsActive: 1
--- !u!4 &5998367272005539835
Transform:
  m_ObjectHideFlags: 0
  m_CorrespondingSourceObject: {fileID: 0}
  m_PrefabInstance: {fileID: 0}
  m_PrefabAsset: {fileID: 0}
  m_GameObject: {fileID: 396209804148791396}
  serializedVersion: 2
  m_LocalRotation: {x: 0.00000008146034, y: -2.4980018e-16, z: -2.220446e-16, w: 1}
  m_LocalPosition: {x: -0.0000000046752393, y: -5.96045e-10, z: -0.000000008954666}
  m_LocalScale: {x: 1, y: 0.9999999, z: 1}
  m_ConstrainProportionsScale: 0
  m_Children: []
  m_Father: {fileID: 2843753625172272818}
  m_LocalEulerAnglesHint: {x: 0, y: 0, z: 0}
--- !u!33 &2975649468724432856
MeshFilter:
  m_ObjectHideFlags: 0
  m_CorrespondingSourceObject: {fileID: 0}
  m_PrefabInstance: {fileID: 0}
  m_PrefabAsset: {fileID: 0}
  m_GameObject: {fileID: 396209804148791396}
  m_Mesh: {fileID: 4300000, guid: f60e6630e11a54c4585ac1a59ca570c3, type: 2}
--- !u!23 &3972968785974234335
MeshRenderer:
  m_ObjectHideFlags: 0
  m_CorrespondingSourceObject: {fileID: 0}
  m_PrefabInstance: {fileID: 0}
  m_PrefabAsset: {fileID: 0}
  m_GameObject: {fileID: 396209804148791396}
  m_Enabled: 1
  m_CastShadows: 1
  m_ReceiveShadows: 1
  m_DynamicOccludee: 1
  m_StaticShadowCaster: 0
  m_MotionVectors: 1
  m_LightProbeUsage: 1
  m_ReflectionProbeUsage: 1
  m_RayTracingMode: 2
  m_RayTraceProcedural: 0
  m_RenderingLayerMask: 1
  m_RendererPriority: 0
  m_Materials:
  - {fileID: 2100000, guid: 62dbe952ab4a0354894cf63c88c8dda6, type: 2}
  m_StaticBatchInfo:
    firstSubMesh: 0
    subMeshCount: 0
  m_StaticBatchRoot: {fileID: 0}
  m_ProbeAnchor: {fileID: 0}
  m_LightProbeVolumeOverride: {fileID: 0}
  m_ScaleInLightmap: 1
  m_ReceiveGI: 1
  m_PreserveUVs: 0
  m_IgnoreNormalsForChartDetection: 0
  m_ImportantGI: 0
  m_StitchLightmapSeams: 1
  m_SelectedEditorRenderState: 3
  m_MinimumChartSize: 4
  m_AutoUVMaxDistance: 0.5
  m_AutoUVMaxAngle: 89
  m_LightmapParameters: {fileID: 0}
  m_SortingLayerID: 0
  m_SortingLayer: 0
  m_SortingOrder: 0
  m_AdditionalVertexStreams: {fileID: 0}
--- !u!114 &6017109878571310250
MonoBehaviour:
  m_ObjectHideFlags: 0
  m_CorrespondingSourceObject: {fileID: 0}
  m_PrefabInstance: {fileID: 0}
  m_PrefabAsset: {fileID: 0}
  m_GameObject: {fileID: 396209804148791396}
  m_Enabled: 1
  m_EditorHideFlags: 0
  m_Script: {fileID: 11500000, guid: b927b9dfd6f248378c3364a809fda80f, type: 3}
  m_Name: 
  m_EditorClassIdentifier: 
  animator: {fileID: 5763912031279404572}
  transformUsageFlags: 1
--- !u!1 &3333379788404040966
GameObject:
  m_ObjectHideFlags: 0
  m_CorrespondingSourceObject: {fileID: 0}
  m_PrefabInstance: {fileID: 0}
  m_PrefabAsset: {fileID: 0}
  serializedVersion: 6
  m_Component:
  - component: {fileID: 2843753625172272818}
  - component: {fileID: 5763912031279404572}
  - component: {fileID: 6637887594376450158}
  m_Layer: 0
  m_Name: Ch09_GpuEcsAnimator
  m_TagString: Untagged
  m_Icon: {fileID: 0}
  m_NavMeshLayer: 0
  m_StaticEditorFlags: 0
  m_IsActive: 1
--- !u!4 &2843753625172272818
Transform:
  m_ObjectHideFlags: 0
  m_CorrespondingSourceObject: {fileID: 0}
  m_PrefabInstance: {fileID: 0}
  m_PrefabAsset: {fileID: 0}
  m_GameObject: {fileID: 3333379788404040966}
  serializedVersion: 2
  m_LocalRotation: {x: 0, y: 0, z: 0, w: 1}
  m_LocalPosition: {x: 0, y: 0, z: 0}
  m_LocalScale: {x: 1, y: 1, z: 1}
  m_ConstrainProportionsScale: 0
  m_Children:
  - {fileID: 3827351114903095778}
  - {fileID: 5998367272005539835}
  - {fileID: 549800879200062830}
  - {fileID: 6570369658385838657}
  m_Father: {fileID: 0}
  m_LocalEulerAnglesHint: {x: 0, y: 0, z: 0}
--- !u!114 &5763912031279404572
MonoBehaviour:
  m_ObjectHideFlags: 0
  m_CorrespondingSourceObject: {fileID: 0}
  m_PrefabInstance: {fileID: 0}
  m_PrefabAsset: {fileID: 0}
  m_GameObject: {fileID: 3333379788404040966}
  m_Enabled: 1
  m_EditorHideFlags: 0
  m_Script: {fileID: 11500000, guid: 6dbd5b1412c14f19ba40d2188c5cd8c1, type: 3}
  m_Name: 
  m_EditorClassIdentifier: 
  totalNbrOfFrames: 1121
  nbrOfAttachmentAnchors: 0
  animations:
  - startFrameIndex: 0
    nbrOfFramesPerSample: 111
    nbrOfInBetweenSamples: 1
    blendTimeCorrection: 1
    startEventOccurenceId: 0
    nbrOfEventOccurenceIds: 0
    loop: 1
  - startFrameIndex: 111
    nbrOfFramesPerSample: 372
    nbrOfInBetweenSamples: 1
    blendTimeCorrection: 1
    startEventOccurenceId: 0
    nbrOfEventOccurenceIds: 0
    loop: 1
  - startFrameIndex: 483
    nbrOfFramesPerSample: 474
    nbrOfInBetweenSamples: 1
    blendTimeCorrection: 1
    startEventOccurenceId: 0
    nbrOfEventOccurenceIds: 0
    loop: 1
  - startFrameIndex: 957
    nbrOfFramesPerSample: 164
    nbrOfInBetweenSamples: 1
    blendTimeCorrection: 1
    startEventOccurenceId: 0
    nbrOfEventOccurenceIds: 0
    loop: 1
  animationEventOccurences: []
  transformUsageFlags: 2
  attachmentAnchorData: {fileID: 0}
--- !u!205 &6637887594376450158
LODGroup:
  m_ObjectHideFlags: 0
  m_CorrespondingSourceObject: {fileID: 0}
  m_PrefabInstance: {fileID: 0}
  m_PrefabAsset: {fileID: 0}
  m_GameObject: {fileID: 3333379788404040966}
  serializedVersion: 2
  m_LocalReferencePoint: {x: 0.00036472082, y: 0.80861896, z: 0.1590898}
  m_Size: 1.6210946
  m_FadeMode: 0
  m_AnimateCrossFading: 0
  m_LastLODIsBillboard: 0
  m_LODs:
  - screenRelativeHeight: 0.5
    fadeTransitionWidth: 0
    renderers:
    - renderer: {fileID: 4892233209820156968}
  - screenRelativeHeight: 0.2
    fadeTransitionWidth: 0
    renderers:
    - renderer: {fileID: 3972968785974234335}
  - screenRelativeHeight: 0.06
    fadeTransitionWidth: 0
    renderers:
    - renderer: {fileID: 6268274150607897645}
  - screenRelativeHeight: 0.001
    fadeTransitionWidth: 0
    renderers:
    - renderer: {fileID: 6308634316304806006}
  m_Enabled: 1
--- !u!1 &4188965600962753003
GameObject:
  m_ObjectHideFlags: 0
  m_CorrespondingSourceObject: {fileID: 0}
  m_PrefabInstance: {fileID: 0}
  m_PrefabAsset: {fileID: 0}
  serializedVersion: 6
  m_Component:
  - component: {fileID: 3827351114903095778}
  - component: {fileID: 4172360419873879308}
  - component: {fileID: 4892233209820156968}
  - component: {fileID: 2686900270387698495}
  m_Layer: 0
  m_Name: Ch09
  m_TagString: Untagged
  m_Icon: {fileID: 0}
  m_NavMeshLayer: 0
  m_StaticEditorFlags: 0
  m_IsActive: 1
--- !u!4 &3827351114903095778
Transform:
  m_ObjectHideFlags: 0
  m_CorrespondingSourceObject: {fileID: 0}
  m_PrefabInstance: {fileID: 0}
  m_PrefabAsset: {fileID: 0}
  m_GameObject: {fileID: 4188965600962753003}
  serializedVersion: 2
  m_LocalRotation: {x: 0.00000008146034, y: -2.4980018e-16, z: -2.220446e-16, w: 1}
  m_LocalPosition: {x: -0.0000000046752393, y: -5.96045e-10, z: -0.000000008954666}
  m_LocalScale: {x: 1, y: 0.9999999, z: 1}
  m_ConstrainProportionsScale: 0
  m_Children: []
  m_Father: {fileID: 2843753625172272818}
  m_LocalEulerAnglesHint: {x: 0, y: 0, z: 0}
--- !u!33 &4172360419873879308
MeshFilter:
  m_ObjectHideFlags: 0
  m_CorrespondingSourceObject: {fileID: 0}
  m_PrefabInstance: {fileID: 0}
  m_PrefabAsset: {fileID: 0}
  m_GameObject: {fileID: 4188965600962753003}
  m_Mesh: {fileID: 4300000, guid: c74cb5b229a95f84d93a1c95455635dd, type: 2}
--- !u!23 &4892233209820156968
MeshRenderer:
  m_ObjectHideFlags: 0
  m_CorrespondingSourceObject: {fileID: 0}
  m_PrefabInstance: {fileID: 0}
  m_PrefabAsset: {fileID: 0}
  m_GameObject: {fileID: 4188965600962753003}
  m_Enabled: 1
  m_CastShadows: 1
  m_ReceiveShadows: 1
  m_DynamicOccludee: 1
  m_StaticShadowCaster: 0
  m_MotionVectors: 1
  m_LightProbeUsage: 1
  m_ReflectionProbeUsage: 1
  m_RayTracingMode: 2
  m_RayTraceProcedural: 0
  m_RenderingLayerMask: 1
  m_RendererPriority: 0
  m_Materials:
  - {fileID: 2100000, guid: 62dbe952ab4a0354894cf63c88c8dda6, type: 2}
  m_StaticBatchInfo:
    firstSubMesh: 0
    subMeshCount: 0
  m_StaticBatchRoot: {fileID: 0}
  m_ProbeAnchor: {fileID: 0}
  m_LightProbeVolumeOverride: {fileID: 0}
  m_ScaleInLightmap: 1
  m_ReceiveGI: 1
  m_PreserveUVs: 0
  m_IgnoreNormalsForChartDetection: 0
  m_ImportantGI: 0
  m_StitchLightmapSeams: 1
  m_SelectedEditorRenderState: 3
  m_MinimumChartSize: 4
  m_AutoUVMaxDistance: 0.5
  m_AutoUVMaxAngle: 89
  m_LightmapParameters: {fileID: 0}
  m_SortingLayerID: 0
  m_SortingLayer: 0
  m_SortingOrder: 0
  m_AdditionalVertexStreams: {fileID: 0}
--- !u!114 &2686900270387698495
MonoBehaviour:
  m_ObjectHideFlags: 0
  m_CorrespondingSourceObject: {fileID: 0}
  m_PrefabInstance: {fileID: 0}
  m_PrefabAsset: {fileID: 0}
  m_GameObject: {fileID: 4188965600962753003}
  m_Enabled: 1
  m_EditorHideFlags: 0
  m_Script: {fileID: 11500000, guid: b927b9dfd6f248378c3364a809fda80f, type: 3}
  m_Name: 
  m_EditorClassIdentifier: 
  animator: {fileID: 5763912031279404572}
  transformUsageFlags: 1
--- !u!1 &4254004596587423684
GameObject:
  m_ObjectHideFlags: 0
  m_CorrespondingSourceObject: {fileID: 0}
  m_PrefabInstance: {fileID: 0}
  m_PrefabAsset: {fileID: 0}
  serializedVersion: 6
  m_Component:
  - component: {fileID: 6570369658385838657}
  - component: {fileID: 7708719891019158457}
  - component: {fileID: 6308634316304806006}
  - component: {fileID: 5590669462059039953}
  m_Layer: 0
  m_Name: Ch09.003
  m_TagString: Untagged
  m_Icon: {fileID: 0}
  m_NavMeshLayer: 0
  m_StaticEditorFlags: 0
  m_IsActive: 1
--- !u!4 &6570369658385838657
Transform:
  m_ObjectHideFlags: 0
  m_CorrespondingSourceObject: {fileID: 0}
  m_PrefabInstance: {fileID: 0}
  m_PrefabAsset: {fileID: 0}
  m_GameObject: {fileID: 4254004596587423684}
  serializedVersion: 2
  m_LocalRotation: {x: 0.00000008146034, y: -2.4980018e-16, z: -2.220446e-16, w: 1}
  m_LocalPosition: {x: -0.0000000046752393, y: -5.96045e-10, z: -0.000000008954666}
  m_LocalScale: {x: 1, y: 0.9999999, z: 1}
  m_ConstrainProportionsScale: 0
  m_Children: []
  m_Father: {fileID: 2843753625172272818}
  m_LocalEulerAnglesHint: {x: 0, y: 0, z: 0}
--- !u!33 &7708719891019158457
MeshFilter:
  m_ObjectHideFlags: 0
  m_CorrespondingSourceObject: {fileID: 0}
  m_PrefabInstance: {fileID: 0}
  m_PrefabAsset: {fileID: 0}
  m_GameObject: {fileID: 4254004596587423684}
  m_Mesh: {fileID: 4300000, guid: 2c9e1221bf846d14caa18888b3e8db09, type: 2}
--- !u!23 &6308634316304806006
MeshRenderer:
  m_ObjectHideFlags: 0
  m_CorrespondingSourceObject: {fileID: 0}
  m_PrefabInstance: {fileID: 0}
  m_PrefabAsset: {fileID: 0}
  m_GameObject: {fileID: 4254004596587423684}
  m_Enabled: 1
  m_CastShadows: 1
  m_ReceiveShadows: 1
  m_DynamicOccludee: 1
  m_StaticShadowCaster: 0
  m_MotionVectors: 1
  m_LightProbeUsage: 1
  m_ReflectionProbeUsage: 1
  m_RayTracingMode: 2
  m_RayTraceProcedural: 0
  m_RenderingLayerMask: 1
  m_RendererPriority: 0
  m_Materials:
  - {fileID: 2100000, guid: 62dbe952ab4a0354894cf63c88c8dda6, type: 2}
  m_StaticBatchInfo:
    firstSubMesh: 0
    subMeshCount: 0
  m_StaticBatchRoot: {fileID: 0}
  m_ProbeAnchor: {fileID: 0}
  m_LightProbeVolumeOverride: {fileID: 0}
  m_ScaleInLightmap: 1
  m_ReceiveGI: 1
  m_PreserveUVs: 0
  m_IgnoreNormalsForChartDetection: 0
  m_ImportantGI: 0
  m_StitchLightmapSeams: 1
  m_SelectedEditorRenderState: 3
  m_MinimumChartSize: 4
  m_AutoUVMaxDistance: 0.5
  m_AutoUVMaxAngle: 89
  m_LightmapParameters: {fileID: 0}
  m_SortingLayerID: 0
  m_SortingLayer: 0
  m_SortingOrder: 0
  m_AdditionalVertexStreams: {fileID: 0}
--- !u!114 &5590669462059039953
MonoBehaviour:
  m_ObjectHideFlags: 0
  m_CorrespondingSourceObject: {fileID: 0}
  m_PrefabInstance: {fileID: 0}
  m_PrefabAsset: {fileID: 0}
  m_GameObject: {fileID: 4254004596587423684}
  m_Enabled: 1
  m_EditorHideFlags: 0
  m_Script: {fileID: 11500000, guid: b927b9dfd6f248378c3364a809fda80f, type: 3}
  m_Name: 
  m_EditorClassIdentifier: 
  animator: {fileID: 5763912031279404572}
  transformUsageFlags: 1
--- !u!1 &6318439056279025542
GameObject:
  m_ObjectHideFlags: 0
  m_CorrespondingSourceObject: {fileID: 0}
  m_PrefabInstance: {fileID: 0}
  m_PrefabAsset: {fileID: 0}
  serializedVersion: 6
  m_Component:
  - component: {fileID: 549800879200062830}
  - component: {fileID: 4519639652425410311}
  - component: {fileID: 6268274150607897645}
  - component: {fileID: 7826245424273478708}
  m_Layer: 0
  m_Name: Ch09.002
  m_TagString: Untagged
  m_Icon: {fileID: 0}
  m_NavMeshLayer: 0
  m_StaticEditorFlags: 0
  m_IsActive: 1
--- !u!4 &549800879200062830
Transform:
  m_ObjectHideFlags: 0
  m_CorrespondingSourceObject: {fileID: 0}
  m_PrefabInstance: {fileID: 0}
  m_PrefabAsset: {fileID: 0}
  m_GameObject: {fileID: 6318439056279025542}
  serializedVersion: 2
  m_LocalRotation: {x: 0.00000008146034, y: -2.4980018e-16, z: -2.220446e-16, w: 1}
  m_LocalPosition: {x: -0.0000000046752393, y: -5.96045e-10, z: -0.000000008954666}
  m_LocalScale: {x: 1, y: 0.9999999, z: 1}
  m_ConstrainProportionsScale: 0
  m_Children: []
  m_Father: {fileID: 2843753625172272818}
  m_LocalEulerAnglesHint: {x: 0, y: 0, z: 0}
--- !u!33 &4519639652425410311
MeshFilter:
  m_ObjectHideFlags: 0
  m_CorrespondingSourceObject: {fileID: 0}
  m_PrefabInstance: {fileID: 0}
  m_PrefabAsset: {fileID: 0}
  m_GameObject: {fileID: 6318439056279025542}
  m_Mesh: {fileID: 4300000, guid: b9310ae007e867d4daae645a2819e532, type: 2}
--- !u!23 &6268274150607897645
MeshRenderer:
  m_ObjectHideFlags: 0
  m_CorrespondingSourceObject: {fileID: 0}
  m_PrefabInstance: {fileID: 0}
  m_PrefabAsset: {fileID: 0}
  m_GameObject: {fileID: 6318439056279025542}
  m_Enabled: 1
  m_CastShadows: 1
  m_ReceiveShadows: 1
  m_DynamicOccludee: 1
  m_StaticShadowCaster: 0
  m_MotionVectors: 1
  m_LightProbeUsage: 1
  m_ReflectionProbeUsage: 1
  m_RayTracingMode: 2
  m_RayTraceProcedural: 0
  m_RenderingLayerMask: 1
  m_RendererPriority: 0
  m_Materials:
  - {fileID: 2100000, guid: 62dbe952ab4a0354894cf63c88c8dda6, type: 2}
  m_StaticBatchInfo:
    firstSubMesh: 0
    subMeshCount: 0
  m_StaticBatchRoot: {fileID: 0}
  m_ProbeAnchor: {fileID: 0}
  m_LightProbeVolumeOverride: {fileID: 0}
  m_ScaleInLightmap: 1
  m_ReceiveGI: 1
  m_PreserveUVs: 0
  m_IgnoreNormalsForChartDetection: 0
  m_ImportantGI: 0
  m_StitchLightmapSeams: 1
  m_SelectedEditorRenderState: 3
  m_MinimumChartSize: 4
  m_AutoUVMaxDistance: 0.5
  m_AutoUVMaxAngle: 89
  m_LightmapParameters: {fileID: 0}
  m_SortingLayerID: 0
  m_SortingLayer: 0
  m_SortingOrder: 0
  m_AdditionalVertexStreams: {fileID: 0}
--- !u!114 &7826245424273478708
MonoBehaviour:
  m_ObjectHideFlags: 0
  m_CorrespondingSourceObject: {fileID: 0}
  m_PrefabInstance: {fileID: 0}
  m_PrefabAsset: {fileID: 0}
  m_GameObject: {fileID: 6318439056279025542}
  m_Enabled: 1
  m_EditorHideFlags: 0
  m_Script: {fileID: 11500000, guid: b927b9dfd6f248378c3364a809fda80f, type: 3}
  m_Name: 
  m_EditorClassIdentifier: 
  animator: {fileID: 5763912031279404572}
  transformUsageFlags: 1
