%YAML 1.1
%TAG !u! tag:unity3d.com,2011:
--- !u!1 &334722405220584448
GameObject:
  m_ObjectHideFlags: 0
  m_CorrespondingSourceObject: {fileID: 0}
  m_PrefabInstance: {fileID: 0}
  m_PrefabAsset: {fileID: 0}
  serializedVersion: 6
  m_Component:
  - component: {fileID: 1281822022281445536}
  m_Layer: 0
  m_Name: mixamorig:RightArm
  m_TagString: Untagged
  m_Icon: {fileID: 0}
  m_NavMeshLayer: 0
  m_StaticEditorFlags: 0
  m_IsActive: 1
--- !u!4 &1281822022281445536
Transform:
  m_ObjectHideFlags: 0
  m_CorrespondingSourceObject: {fileID: 0}
  m_PrefabInstance: {fileID: 0}
  m_PrefabAsset: {fileID: 0}
  m_GameObject: {fileID: 334722405220584448}
  serializedVersion: 2
  m_LocalRotation: {x: -0.14440925, y: -0.0011489213, z: 0.008927347, w: 0.9894771}
  m_LocalPosition: {x: 8.6590075e-11, y: 0.15126082, z: 0.0000000016791365}
  m_LocalScale: {x: 1, y: 1, z: 1}
  m_ConstrainProportionsScale: 0
  m_Children:
  - {fileID: 5592442158769758032}
  m_Father: {fileID: 2938180135663748243}
  m_LocalEulerAnglesHint: {x: 0, y: 0, z: 0}
--- !u!1 &334999147460932012
GameObject:
  m_ObjectHideFlags: 0
  m_CorrespondingSourceObject: {fileID: 0}
  m_PrefabInstance: {fileID: 0}
  m_PrefabAsset: {fileID: 0}
  serializedVersion: 6
  m_Component:
  - component: {fileID: 3979308505523083243}
  m_Layer: 0
  m_Name: mixamorig:RightHandMiddle2
  m_TagString: Untagged
  m_Icon: {fileID: 0}
  m_NavMeshLayer: 0
  m_StaticEditorFlags: 0
  m_IsActive: 1
--- !u!4 &3979308505523083243
Transform:
  m_ObjectHideFlags: 0
  m_CorrespondingSourceObject: {fileID: 0}
  m_PrefabInstance: {fileID: 0}
  m_PrefabAsset: {fileID: 0}
  m_GameObject: {fileID: 334999147460932012}
  serializedVersion: 2
  m_LocalRotation: {x: -0.0000002163795, y: -0.000023765893, z: -0.00045560312, w: 0.99999994}
  m_LocalPosition: {x: -0.000009508029, y: 0.053568568, z: -0.0000000014712594}
  m_LocalScale: {x: 1, y: 1, z: 1}
  m_ConstrainProportionsScale: 0
  m_Children:
  - {fileID: 8551064942348154611}
  m_Father: {fileID: 6879534401773576268}
  m_LocalEulerAnglesHint: {x: 0, y: 0, z: 0}
--- !u!1 &481538593019063699
GameObject:
  m_ObjectHideFlags: 0
  m_CorrespondingSourceObject: {fileID: 0}
  m_PrefabInstance: {fileID: 0}
  m_PrefabAsset: {fileID: 0}
  serializedVersion: 6
  m_Component:
  - component: {fileID: 8304235204428484325}
  m_Layer: 0
  m_Name: mixamorig:LeftHandThumb4
  m_TagString: Untagged
  m_Icon: {fileID: 0}
  m_NavMeshLayer: 0
  m_StaticEditorFlags: 0
  m_IsActive: 1
--- !u!4 &8304235204428484325
Transform:
  m_ObjectHideFlags: 0
  m_CorrespondingSourceObject: {fileID: 0}
  m_PrefabInstance: {fileID: 0}
  m_PrefabAsset: {fileID: 0}
  m_GameObject: {fileID: 481538593019063699}
  serializedVersion: 2
  m_LocalRotation: {x: 0, y: -0, z: -0, w: 1}
  m_LocalPosition: {x: -0.00020274121, y: 0.045574665, z: -4.1607479e-10}
  m_LocalScale: {x: 1, y: 1, z: 1}
  m_ConstrainProportionsScale: 0
  m_Children: []
  m_Father: {fileID: 3722730925189418774}
  m_LocalEulerAnglesHint: {x: 0, y: 0, z: 0}
--- !u!1 &503353127301490856
GameObject:
  m_ObjectHideFlags: 0
  m_CorrespondingSourceObject: {fileID: 0}
  m_PrefabInstance: {fileID: 0}
  m_PrefabAsset: {fileID: 0}
  serializedVersion: 6
  m_Component:
  - component: {fileID: 2318250605947140096}
  m_Layer: 0
  m_Name: mixamorig:LeftHandIndex2
  m_TagString: Untagged
  m_Icon: {fileID: 0}
  m_NavMeshLayer: 0
  m_StaticEditorFlags: 0
  m_IsActive: 1
--- !u!4 &2318250605947140096
Transform:
  m_ObjectHideFlags: 0
  m_CorrespondingSourceObject: {fileID: 0}
  m_PrefabInstance: {fileID: 0}
  m_PrefabAsset: {fileID: 0}
  m_GameObject: {fileID: 503353127301490856}
  serializedVersion: 2
  m_LocalRotation: {x: 0.00000024728791, y: -0.00012073659, z: 0.004616522, w: 0.99998933}
  m_LocalPosition: {x: -0.00032016428, y: 0.049275115, z: 0.0000000010318137}
  m_LocalScale: {x: 1, y: 1, z: 1}
  m_ConstrainProportionsScale: 0
  m_Children:
  - {fileID: 1948754596941887138}
  m_Father: {fileID: 5827013595323182974}
  m_LocalEulerAnglesHint: {x: 0, y: 0, z: 0}
--- !u!1 &587906386636477843
GameObject:
  m_ObjectHideFlags: 0
  m_CorrespondingSourceObject: {fileID: 0}
  m_PrefabInstance: {fileID: 0}
  m_PrefabAsset: {fileID: 0}
  serializedVersion: 6
  m_Component:
  - component: {fileID: 3589027773660562832}
  m_Layer: 0
  m_Name: mixamorig:LeftArm
  m_TagString: Untagged
  m_Icon: {fileID: 0}
  m_NavMeshLayer: 0
  m_StaticEditorFlags: 0
  m_IsActive: 1
--- !u!4 &3589027773660562832
Transform:
  m_ObjectHideFlags: 0
  m_CorrespondingSourceObject: {fileID: 0}
  m_PrefabInstance: {fileID: 0}
  m_PrefabAsset: {fileID: 0}
  m_GameObject: {fileID: 587906386636477843}
  serializedVersion: 2
  m_LocalRotation: {x: -0.14465638, y: -0.0007903781, z: -0.0030513697, w: 0.9894769}
  m_LocalPosition: {x: -5.201887e-11, y: 0.15126082, z: 0.000000001680563}
  m_LocalScale: {x: 1, y: 1, z: 1}
  m_ConstrainProportionsScale: 0
  m_Children:
  - {fileID: 8373910955625558198}
  m_Father: {fileID: 6987098261384162204}
  m_LocalEulerAnglesHint: {x: 0, y: 0, z: 0}
--- !u!1 &883744961240112977
GameObject:
  m_ObjectHideFlags: 0
  m_CorrespondingSourceObject: {fileID: 0}
  m_PrefabInstance: {fileID: 0}
  m_PrefabAsset: {fileID: 0}
  serializedVersion: 6
  m_Component:
  - component: {fileID: 7052742147081802974}
  m_Layer: 0
  m_Name: mixamorig:RightHandPinky3
  m_TagString: Untagged
  m_Icon: {fileID: 0}
  m_NavMeshLayer: 0
  m_StaticEditorFlags: 0
  m_IsActive: 1
--- !u!4 &7052742147081802974
Transform:
  m_ObjectHideFlags: 0
  m_CorrespondingSourceObject: {fileID: 0}
  m_PrefabInstance: {fileID: 0}
  m_PrefabAsset: {fileID: 0}
  m_GameObject: {fileID: 883744961240112977}
  serializedVersion: 2
  m_LocalRotation: {x: -0.000002940196, y: -0.0005524132, z: -0.016229307, w: 0.99986815}
  m_LocalPosition: {x: 0.000826275, y: 0.038556065, z: 3.4888956e-10}
  m_LocalScale: {x: 1, y: 1, z: 1}
  m_ConstrainProportionsScale: 0
  m_Children:
  - {fileID: 7319786291360102609}
  m_Father: {fileID: 2534551554514615204}
  m_LocalEulerAnglesHint: {x: 0, y: 0, z: 0}
--- !u!1 &924257465238418907
GameObject:
  m_ObjectHideFlags: 0
  m_CorrespondingSourceObject: {fileID: 0}
  m_PrefabInstance: {fileID: 0}
  m_PrefabAsset: {fileID: 0}
  serializedVersion: 6
  m_Component:
  - component: {fileID: 6531934572042946376}
  m_Layer: 0
  m_Name: mixamorig:LeftLeg
  m_TagString: Untagged
  m_Icon: {fileID: 0}
  m_NavMeshLayer: 0
  m_StaticEditorFlags: 0
  m_IsActive: 1
--- !u!4 &6531934572042946376
Transform:
  m_ObjectHideFlags: 0
  m_CorrespondingSourceObject: {fileID: 0}
  m_PrefabInstance: {fileID: 0}
  m_PrefabAsset: {fileID: 0}
  m_GameObject: {fileID: 924257465238418907}
  serializedVersion: 2
  m_LocalRotation: {x: -0.04178915, y: -0.000025262834, z: -0.000446507, w: 0.9991264}
  m_LocalPosition: {x: 0.0000000018809332, y: 0.40083838, z: 0.0000000010048017}
  m_LocalScale: {x: 1, y: 1, z: 1}
  m_ConstrainProportionsScale: 0
  m_Children:
  - {fileID: 836556320417141110}
  m_Father: {fileID: 3678383332502056857}
  m_LocalEulerAnglesHint: {x: 0, y: 0, z: 0}
--- !u!1 &931448484235785648
GameObject:
  m_ObjectHideFlags: 0
  m_CorrespondingSourceObject: {fileID: 0}
  m_PrefabInstance: {fileID: 0}
  m_PrefabAsset: {fileID: 0}
  serializedVersion: 6
  m_Component:
  - component: {fileID: 3678383332502056857}
  m_Layer: 0
  m_Name: mixamorig:LeftUpLeg
  m_TagString: Untagged
  m_Icon: {fileID: 0}
  m_NavMeshLayer: 0
  m_StaticEditorFlags: 0
  m_IsActive: 1
--- !u!4 &3678383332502056857
Transform:
  m_ObjectHideFlags: 0
  m_CorrespondingSourceObject: {fileID: 0}
  m_PrefabInstance: {fileID: 0}
  m_PrefabAsset: {fileID: 0}
  m_GameObject: {fileID: 931448484235785648}
  serializedVersion: 2
  m_LocalRotation: {x: 0.0065027173, y: 0.00709361, z: 0.9999537, w: -0.00028207694}
  m_LocalPosition: {x: -0.1033361, y: -0.04771339, z: 0.0020032167}
  m_LocalScale: {x: 1, y: 1, z: 1}
  m_ConstrainProportionsScale: 0
  m_Children:
  - {fileID: 6531934572042946376}
  m_Father: {fileID: 6367757689788443023}
  m_LocalEulerAnglesHint: {x: 0, y: 0, z: 0}
--- !u!1 &1031363823977058999
GameObject:
  m_ObjectHideFlags: 0
  m_CorrespondingSourceObject: {fileID: 0}
  m_PrefabInstance: {fileID: 0}
  m_PrefabAsset: {fileID: 0}
  serializedVersion: 6
  m_Component:
  - component: {fileID: 5161709027234554336}
  m_Layer: 0
  m_Name: mixamorig:RightHandThumb4
  m_TagString: Untagged
  m_Icon: {fileID: 0}
  m_NavMeshLayer: 0
  m_StaticEditorFlags: 0
  m_IsActive: 1
--- !u!4 &5161709027234554336
Transform:
  m_ObjectHideFlags: 0
  m_CorrespondingSourceObject: {fileID: 0}
  m_PrefabInstance: {fileID: 0}
  m_PrefabAsset: {fileID: 0}
  m_GameObject: {fileID: 1031363823977058999}
  serializedVersion: 2
  m_LocalRotation: {x: 0, y: -0, z: -0, w: 1}
  m_LocalPosition: {x: 0.0024296106, y: 0.044623103, z: 4.792767e-10}
  m_LocalScale: {x: 1, y: 1, z: 1}
  m_ConstrainProportionsScale: 0
  m_Children: []
  m_Father: {fileID: 5187960850533526492}
  m_LocalEulerAnglesHint: {x: 0, y: 0, z: 0}
--- !u!1 &1053547098993060671
GameObject:
  m_ObjectHideFlags: 0
  m_CorrespondingSourceObject: {fileID: 0}
  m_PrefabInstance: {fileID: 0}
  m_PrefabAsset: {fileID: 0}
  serializedVersion: 6
  m_Component:
  - component: {fileID: 6263539813825961960}
  - component: {fileID: 2190766341121895553}
  m_Layer: 0
  m_Name: Ch39
  m_TagString: Untagged
  m_Icon: {fileID: 0}
  m_NavMeshLayer: 0
  m_StaticEditorFlags: 0
  m_IsActive: 1
--- !u!4 &6263539813825961960
Transform:
  m_ObjectHideFlags: 0
  m_CorrespondingSourceObject: {fileID: 0}
  m_PrefabInstance: {fileID: 0}
  m_PrefabAsset: {fileID: 0}
  m_GameObject: {fileID: 1053547098993060671}
  serializedVersion: 2
  m_LocalRotation: {x: 0, y: -0, z: -0, w: 1}
  m_LocalPosition: {x: -0, y: 0, z: 0}
  m_LocalScale: {x: 1, y: 1, z: 1}
  m_ConstrainProportionsScale: 0
  m_Children: []
  m_Father: {fileID: 6286925298717461334}
  m_LocalEulerAnglesHint: {x: 0, y: 0, z: 0}
--- !u!137 &2190766341121895553
SkinnedMeshRenderer:
  m_ObjectHideFlags: 0
  m_CorrespondingSourceObject: {fileID: 0}
  m_PrefabInstance: {fileID: 0}
  m_PrefabAsset: {fileID: 0}
  m_GameObject: {fileID: 1053547098993060671}
  m_Enabled: 1
  m_CastShadows: 1
  m_ReceiveShadows: 1
  m_DynamicOccludee: 1
  m_StaticShadowCaster: 0
  m_MotionVectors: 1
  m_LightProbeUsage: 1
  m_ReflectionProbeUsage: 1
  m_RayTracingMode: 3
  m_RayTraceProcedural: 0
  m_RenderingLayerMask: 1
  m_RendererPriority: 0
  m_Materials:
  - {fileID: 4018060002910663725, guid: a84c8ad741d1fbc4fb5683afc522aa87, type: 3}
  m_StaticBatchInfo:
    firstSubMesh: 0
    subMeshCount: 0
  m_StaticBatchRoot: {fileID: 0}
  m_ProbeAnchor: {fileID: 0}
  m_LightProbeVolumeOverride: {fileID: 0}
  m_ScaleInLightmap: 1
  m_ReceiveGI: 1
  m_PreserveUVs: 0
  m_IgnoreNormalsForChartDetection: 0
  m_ImportantGI: 0
  m_StitchLightmapSeams: 1
  m_SelectedEditorRenderState: 3
  m_MinimumChartSize: 4
  m_AutoUVMaxDistance: 0.5
  m_AutoUVMaxAngle: 89
  m_LightmapParameters: {fileID: 0}
  m_SortingLayerID: 0
  m_SortingLayer: 0
  m_SortingOrder: 0
  serializedVersion: 2
  m_Quality: 0
  m_UpdateWhenOffscreen: 0
  m_SkinnedMotionVectors: 1
  m_Mesh: {fileID: -3630245196357298938, guid: a84c8ad741d1fbc4fb5683afc522aa87, type: 3}
  m_Bones:
  - {fileID: 836556320417141110}
  - {fileID: 2733666433487442697}
  - {fileID: 8364908578915857038}
  - {fileID: 5723554528750115877}
  - {fileID: 6367757689788443023}
  - {fileID: 103685002080818027}
  - {fileID: 3678383332502056857}
  - {fileID: 1730128710555139817}
  - {fileID: 6531934572042946376}
  - {fileID: 3602927087286434567}
  - {fileID: 2938180135663748243}
  - {fileID: 1281822022281445536}
  - {fileID: 6516414101732765556}
  - {fileID: 5640988074932018550}
  - {fileID: 5839967338010243019}
  - {fileID: 6879534401773576268}
  - {fileID: 3370889372780734335}
  - {fileID: 2125028253432115075}
  - {fileID: 4737989398164633206}
  - {fileID: 5592442158769758032}
  - {fileID: 2534551554514615204}
  - {fileID: 8857620185249467882}
  - {fileID: 6953962285622009533}
  - {fileID: 5187960850533526492}
  - {fileID: 3589027773660562832}
  - {fileID: 8373910955625558198}
  - {fileID: 1915917804732707699}
  - {fileID: 58369593461398601}
  - {fileID: 2052423320778865617}
  - {fileID: 6987098261384162204}
  - {fileID: 1209594428997138396}
  - {fileID: 1279249621237981107}
  - {fileID: 3979308505523083243}
  - {fileID: 8551064942348154611}
  - {fileID: 1972246006504462464}
  - {fileID: 4534284291364305231}
  - {fileID: 7052742147081802974}
  - {fileID: 3335033901253575771}
  - {fileID: 2318250605947140096}
  - {fileID: 1948754596941887138}
  - {fileID: 5827013595323182974}
  - {fileID: 2034474479223684241}
  - {fileID: 8727041217555376065}
  - {fileID: 3722730925189418774}
  - {fileID: 8870073633242260031}
  - {fileID: 1086794388292480315}
  - {fileID: 7866345987295606301}
  - {fileID: 5717741856190077733}
  - {fileID: 1607555101203337234}
  - {fileID: 2959971276656871045}
  - {fileID: 1761332132854188381}
  - {fileID: 2103466927605405347}
  m_BlendShapeWeights: []
  m_RootBone: {fileID: 6367757689788443023}
  m_AABB:
    m_Center: {x: 0.00021517277, y: -0.11195174, z: 0.06570185}
    m_Extent: {x: 1.0261359, y: 0.9719478, z: 0.28110027}
  m_DirtyAABB: 0
--- !u!1 &1289782514369114664
GameObject:
  m_ObjectHideFlags: 0
  m_CorrespondingSourceObject: {fileID: 0}
  m_PrefabInstance: {fileID: 0}
  m_PrefabAsset: {fileID: 0}
  serializedVersion: 6
  m_Component:
  - component: {fileID: 8857620185249467882}
  m_Layer: 0
  m_Name: mixamorig:RightHandThumb1
  m_TagString: Untagged
  m_Icon: {fileID: 0}
  m_NavMeshLayer: 0
  m_StaticEditorFlags: 0
  m_IsActive: 1
--- !u!4 &8857620185249467882
Transform:
  m_ObjectHideFlags: 0
  m_CorrespondingSourceObject: {fileID: 0}
  m_PrefabInstance: {fileID: 0}
  m_PrefabAsset: {fileID: 0}
  m_GameObject: {fileID: 1289782514369114664}
  serializedVersion: 2
  m_LocalRotation: {x: 0.17557871, y: 0.108550206, z: 0.27718896, w: 0.9383791}
  m_LocalPosition: {x: -0.042555127, y: 0.030282049, z: 0.014591659}
  m_LocalScale: {x: 1, y: 1, z: 1}
  m_ConstrainProportionsScale: 0
  m_Children:
  - {fileID: 6953962285622009533}
  m_Father: {fileID: 4737989398164633206}
  m_LocalEulerAnglesHint: {x: 0, y: 0, z: 0}
--- !u!1 &1291180655549410429
GameObject:
  m_ObjectHideFlags: 0
  m_CorrespondingSourceObject: {fileID: 0}
  m_PrefabInstance: {fileID: 0}
  m_PrefabAsset: {fileID: 0}
  serializedVersion: 6
  m_Component:
  - component: {fileID: 2125028253432115075}
  m_Layer: 0
  m_Name: mixamorig:RightHandPinky1
  m_TagString: Untagged
  m_Icon: {fileID: 0}
  m_NavMeshLayer: 0
  m_StaticEditorFlags: 0
  m_IsActive: 1
--- !u!4 &2125028253432115075
Transform:
  m_ObjectHideFlags: 0
  m_CorrespondingSourceObject: {fileID: 0}
  m_PrefabInstance: {fileID: 0}
  m_PrefabAsset: {fileID: 0}
  m_GameObject: {fileID: 1291180655549410429}
  serializedVersion: 2
  m_LocalRotation: {x: -0.032306414, y: -0.044083893, z: 0.06998448, w: 0.99604976}
  m_LocalPosition: {x: 0.04404576, y: 0.092590004, z: -0.0067210263}
  m_LocalScale: {x: 1, y: 1, z: 1}
  m_ConstrainProportionsScale: 0
  m_Children:
  - {fileID: 2534551554514615204}
  m_Father: {fileID: 4737989398164633206}
  m_LocalEulerAnglesHint: {x: 0, y: 0, z: 0}
--- !u!1 &1451434519193470498
GameObject:
  m_ObjectHideFlags: 0
  m_CorrespondingSourceObject: {fileID: 0}
  m_PrefabInstance: {fileID: 0}
  m_PrefabAsset: {fileID: 0}
  serializedVersion: 6
  m_Component:
  - component: {fileID: 4534284291364305231}
  m_Layer: 0
  m_Name: mixamorig:RightHandRing3
  m_TagString: Untagged
  m_Icon: {fileID: 0}
  m_NavMeshLayer: 0
  m_StaticEditorFlags: 0
  m_IsActive: 1
--- !u!4 &4534284291364305231
Transform:
  m_ObjectHideFlags: 0
  m_CorrespondingSourceObject: {fileID: 0}
  m_PrefabInstance: {fileID: 0}
  m_PrefabAsset: {fileID: 0}
  m_GameObject: {fileID: 1451434519193470498}
  serializedVersion: 2
  m_LocalRotation: {x: 0.0000002662077, y: -0.00009040965, z: -0.0047013187, w: 0.999989}
  m_LocalPosition: {x: 0.00027215938, y: 0.04740457, z: 5.662315e-10}
  m_LocalScale: {x: 1, y: 1, z: 1}
  m_ConstrainProportionsScale: 0
  m_Children:
  - {fileID: 436937604455574691}
  m_Father: {fileID: 1972246006504462464}
  m_LocalEulerAnglesHint: {x: 0, y: 0, z: 0}
--- !u!1 &1585643780226064122
GameObject:
  m_ObjectHideFlags: 0
  m_CorrespondingSourceObject: {fileID: 0}
  m_PrefabInstance: {fileID: 0}
  m_PrefabAsset: {fileID: 0}
  serializedVersion: 6
  m_Component:
  - component: {fileID: 4163808492505652169}
  - component: {fileID: 4622060442154288331}
  - component: {fileID: 4558860935974196332}
  - component: {fileID: 7763196063477474192}
  - component: {fileID: 6381128176074566605}
  m_Layer: 0
  m_Name: PlayerAbe
  m_TagString: Untagged
  m_Icon: {fileID: 0}
  m_NavMeshLayer: 0
  m_StaticEditorFlags: 0
  m_IsActive: 1
--- !u!4 &4163808492505652169
Transform:
  m_ObjectHideFlags: 0
  m_CorrespondingSourceObject: {fileID: 0}
  m_PrefabInstance: {fileID: 0}
  m_PrefabAsset: {fileID: 0}
  m_GameObject: {fileID: 1585643780226064122}
  serializedVersion: 2
  m_LocalRotation: {x: 0, y: 0, z: 0, w: 1}
  m_LocalPosition: {x: 0, y: 0.483, z: 0}
  m_LocalScale: {x: 1, y: 1, z: 1}
  m_ConstrainProportionsScale: 0
  m_Children:
  - {fileID: 6286925298717461334}
  - {fileID: 3607710266277179356}
  m_Father: {fileID: 0}
  m_LocalEulerAnglesHint: {x: 0, y: 0, z: 0}
--- !u!114 &4622060442154288331
MonoBehaviour:
  m_ObjectHideFlags: 0
  m_CorrespondingSourceObject: {fileID: 0}
  m_PrefabInstance: {fileID: 0}
  m_PrefabAsset: {fileID: 0}
  m_GameObject: {fileID: 1585643780226064122}
  m_Enabled: 1
  m_EditorHideFlags: 0
  m_Script: {fileID: 11500000, guid: 836dcb7e0f6259748b850a10912ce727, type: 3}
  m_Name: 
  m_EditorClassIdentifier: 
  TransformMode: 1
  Transform2DVertical:
    IsEnabled: 0
    Height:
      RawValue: 0
    PositionOffset:
      RawValue: 0
  PhysicsCollider:
    IsTrigger: 0
    Material:
      Id:
        Value: 0
    SourceCollider: {fileID: 0}
    IsEnabled: 1
    Shape2D:
      ShapeType: 0
      PolygonCollider:
        Id:
          Value: 0
      CircleRadius:
        RawValue: 0
      EdgeExtent:
        RawValue: 0
      BoxExtents:
        X:
          RawValue: 0
        Y:
          RawValue: 0
      PositionOffset:
        X:
          RawValue: 0
        Y:
          RawValue: 0
      RotationOffset:
        RawValue: 0
      UserTag: 0
      IsPersistent: 1
      CompoundShapes: []
      IsSetFromSourceCollider: 0
    Shape3D:
      ShapeType: 1
      SphereRadius:
        RawValue: 32768
      PositionOffset:
        X:
          RawValue: 0
        Y:
          RawValue: 32768
        Z:
          RawValue: 0
      BoxExtents:
        X:
          RawValue: 0
        Y:
          RawValue: 0
        Z:
          RawValue: 0
      RotationOffset:
        X:
          RawValue: 0
        Y:
          RawValue: 0
        Z:
          RawValue: 0
      UserTag: 0
      IsPersistent: 1
      CompoundShapes: []
      IsSetFromSourceCollider: 0
    Layer: 0
    CallbackFlags:
      Value: 0
  PhysicsBody:
    IsEnabled: 1
    Version2D: 2
    Version3D: 2
    Config2D: 116
    Config3D: 58
    RotationFreeze: 0
    Mass:
      RawValue: 65536
    Drag:
      RawValue: 32768
    AngularDrag:
      RawValue: 32768
    CenterOfMass2D:
      X:
        RawValue: 0
      Y:
        RawValue: 0
    CenterOfMass3D:
      X:
        RawValue: 0
      Y:
        RawValue: 0
      Z:
        RawValue: 0
    GravityScale:
      _hasValue: 0
      _value:
        RawValue: 65536
  NavMeshPathfinder:
    IsEnabled: 0
    NavMeshAgentConfig:
      Id:
        Value: 0
    InitialTarget:
      IsEnabled: 0
      Target: {fileID: 0}
      Position:
        X:
          RawValue: 0
        Y:
          RawValue: 0
        Z:
          RawValue: 0
      NavMesh:
        Reference: {fileID: 0}
        Asset:
          Id:
            Value: 0
        Name: 
  NavMeshSteeringAgent:
    IsEnabled: 0
    MaxSpeed:
      IsEnabled: 0
      Value:
        RawValue: 0
    Acceleration:
      IsEnabled: 0
      Value:
        RawValue: 0
  NavMeshAvoidanceAgent:
    IsEnabled: 0
  View:
    Id:
      Value: 0
--- !u!114 &4558860935974196332
MonoBehaviour:
  m_ObjectHideFlags: 0
  m_CorrespondingSourceObject: {fileID: 0}
  m_PrefabInstance: {fileID: 0}
  m_PrefabAsset: {fileID: 0}
  m_GameObject: {fileID: 1585643780226064122}
  m_Enabled: 1
  m_EditorHideFlags: 0
  m_Script: {fileID: 11500000, guid: d40818ad888adc3439499bab0a827f5b, type: 3}
  m_Name: 
  m_EditorClassIdentifier: 
  Prototype:
    Config:
      Id:
        Value: 4
--- !u!114 &7763196063477474192
MonoBehaviour:
  m_ObjectHideFlags: 0
  m_CorrespondingSourceObject: {fileID: 0}
  m_PrefabInstance: {fileID: 0}
  m_PrefabAsset: {fileID: 0}
  m_GameObject: {fileID: 1585643780226064122}
  m_Enabled: 1
  m_EditorHideFlags: 0
  m_Script: {fileID: 11500000, guid: 0008c51fe3af00b4da5d44f02d9b3dff, type: 3}
  m_Name: 
  m_EditorClassIdentifier: 
  BindBehaviour: 0
  ManualDisposal: 0
  GameObjectNameIsEntityRef: 1
  ErrorCorrectionRateMin: 3.3
  ErrorCorrectionRateMax: 10
  ErrorPositionBlendStart: 0.25
  ErrorPositionBlendEnd: 1
  ErrorRotationBlendStart: 0.1
  ErrorRotationBlendEnd: 0.5
  ErrorPositionMinCorrection: 0.025
  ErrorPositionTeleportDistance: 2
  ErrorRotationTeleportDistance: 0.5
  OnEntityInstantiated:
    m_PersistentCalls:
      m_Calls: []
  OnEntityDestroyed:
    m_PersistentCalls:
      m_Calls: []
--- !u!114 &6381128176074566605
MonoBehaviour:
  m_ObjectHideFlags: 0
  m_CorrespondingSourceObject: {fileID: 0}
  m_PrefabInstance: {fileID: 0}
  m_PrefabAsset: {fileID: 0}
  m_GameObject: {fileID: 1585643780226064122}
  m_Enabled: 1
  m_EditorHideFlags: 0
  m_Script: {fileID: 11500000, guid: 6aabe6380e114a14bb18d55f5a442d5d, type: 3}
  m_Name: 
  m_EditorClassIdentifier: 
  Prototype:
    Player:
      _index: 1
--- !u!1 &1634208782734624644
GameObject:
  m_ObjectHideFlags: 0
  m_CorrespondingSourceObject: {fileID: 0}
  m_PrefabInstance: {fileID: 0}
  m_PrefabAsset: {fileID: 0}
  serializedVersion: 6
  m_Component:
  - component: {fileID: 3602927087286434567}
  m_Layer: 0
  m_Name: mixamorig:RightLeg
  m_TagString: Untagged
  m_Icon: {fileID: 0}
  m_NavMeshLayer: 0
  m_StaticEditorFlags: 0
  m_IsActive: 1
--- !u!4 &3602927087286434567
Transform:
  m_ObjectHideFlags: 0
  m_CorrespondingSourceObject: {fileID: 0}
  m_PrefabInstance: {fileID: 0}
  m_PrefabAsset: {fileID: 0}
  m_GameObject: {fileID: 1634208782734624644}
  serializedVersion: 2
  m_LocalRotation: {x: -0.043569434, y: 0.00003549129, z: 0.00033215736, w: 0.9990504}
  m_LocalPosition: {x: -5.9463323e-10, y: 0.40131152, z: 0.0000000020151023}
  m_LocalScale: {x: 1, y: 1, z: 1}
  m_ConstrainProportionsScale: 0
  m_Children:
  - {fileID: 8364908578915857038}
  m_Father: {fileID: 1730128710555139817}
  m_LocalEulerAnglesHint: {x: 0, y: 0, z: 0}
--- !u!1 &1641814724413742191
GameObject:
  m_ObjectHideFlags: 0
  m_CorrespondingSourceObject: {fileID: 0}
  m_PrefabInstance: {fileID: 0}
  m_PrefabAsset: {fileID: 0}
  serializedVersion: 6
  m_Component:
  - component: {fileID: 8551064942348154611}
  m_Layer: 0
  m_Name: mixamorig:RightHandMiddle3
  m_TagString: Untagged
  m_Icon: {fileID: 0}
  m_NavMeshLayer: 0
  m_StaticEditorFlags: 0
  m_IsActive: 1
--- !u!4 &8551064942348154611
Transform:
  m_ObjectHideFlags: 0
  m_CorrespondingSourceObject: {fileID: 0}
  m_PrefabInstance: {fileID: 0}
  m_PrefabAsset: {fileID: 0}
  m_GameObject: {fileID: 1641814724413742191}
  serializedVersion: 2
  m_LocalRotation: {x: 0.00000022944417, y: -0.0000230235, z: 0.0013537556, w: 0.9999991}
  m_LocalPosition: {x: -0.000057135603, y: 0.051917832, z: 8.345472e-10}
  m_LocalScale: {x: 1, y: 1, z: 1}
  m_ConstrainProportionsScale: 0
  m_Children:
  - {fileID: 8799928916027851687}
  m_Father: {fileID: 3979308505523083243}
  m_LocalEulerAnglesHint: {x: 0, y: 0, z: 0}
--- !u!1 &2050849655990715728
GameObject:
  m_ObjectHideFlags: 0
  m_CorrespondingSourceObject: {fileID: 0}
  m_PrefabInstance: {fileID: 0}
  m_PrefabAsset: {fileID: 0}
  serializedVersion: 6
  m_Component:
  - component: {fileID: 2938180135663748243}
  m_Layer: 0
  m_Name: mixamorig:RightShoulder
  m_TagString: Untagged
  m_Icon: {fileID: 0}
  m_NavMeshLayer: 0
  m_StaticEditorFlags: 0
  m_IsActive: 1
--- !u!4 &2938180135663748243
Transform:
  m_ObjectHideFlags: 0
  m_CorrespondingSourceObject: {fileID: 0}
  m_PrefabInstance: {fileID: 0}
  m_PrefabAsset: {fileID: 0}
  m_GameObject: {fileID: 2050849655990715728}
  serializedVersion: 2
  m_LocalRotation: {x: -0.56207025, y: -0.42622206, z: 0.57184124, w: -0.4188191}
  m_LocalPosition: {x: 0.07576418, y: 0.10594739, z: -0.0013206193}
  m_LocalScale: {x: 1, y: 1, z: 1}
  m_ConstrainProportionsScale: 0
  m_Children:
  - {fileID: 1281822022281445536}
  m_Father: {fileID: 5640988074932018550}
  m_LocalEulerAnglesHint: {x: 0, y: 0, z: 0}
--- !u!1 &2115995335050862851
GameObject:
  m_ObjectHideFlags: 0
  m_CorrespondingSourceObject: {fileID: 0}
  m_PrefabInstance: {fileID: 0}
  m_PrefabAsset: {fileID: 0}
  serializedVersion: 6
  m_Component:
  - component: {fileID: 103685002080818027}
  m_Layer: 0
  m_Name: mixamorig:Spine
  m_TagString: Untagged
  m_Icon: {fileID: 0}
  m_NavMeshLayer: 0
  m_StaticEditorFlags: 0
  m_IsActive: 1
--- !u!4 &103685002080818027
Transform:
  m_ObjectHideFlags: 0
  m_CorrespondingSourceObject: {fileID: 0}
  m_PrefabInstance: {fileID: 0}
  m_PrefabAsset: {fileID: 0}
  m_GameObject: {fileID: 2115995335050862851}
  serializedVersion: 2
  m_LocalRotation: {x: -0.019792527, y: 0.00000729616, z: -0.00014046041, w: 0.99980414}
  m_LocalPosition: {x: -0, y: 0.086007304, z: -0.0034072541}
  m_LocalScale: {x: 1, y: 1, z: 1}
  m_ConstrainProportionsScale: 0
  m_Children:
  - {fileID: 6516414101732765556}
  m_Father: {fileID: 6367757689788443023}
  m_LocalEulerAnglesHint: {x: 0, y: 0, z: 0}
--- !u!1 &2392356647297962411
GameObject:
  m_ObjectHideFlags: 0
  m_CorrespondingSourceObject: {fileID: 0}
  m_PrefabInstance: {fileID: 0}
  m_PrefabAsset: {fileID: 0}
  serializedVersion: 6
  m_Component:
  - component: {fileID: 5723554528750115877}
  m_Layer: 0
  m_Name: mixamorig:RightToeBase
  m_TagString: Untagged
  m_Icon: {fileID: 0}
  m_NavMeshLayer: 0
  m_StaticEditorFlags: 0
  m_IsActive: 1
--- !u!4 &5723554528750115877
Transform:
  m_ObjectHideFlags: 0
  m_CorrespondingSourceObject: {fileID: 0}
  m_PrefabInstance: {fileID: 0}
  m_PrefabAsset: {fileID: 0}
  m_GameObject: {fileID: 2392356647297962411}
  serializedVersion: 2
  m_LocalRotation: {x: 0.24757192, y: -0.08017792, z: 0.020562764, w: 0.9653273}
  m_LocalPosition: {x: -2.7260572e-10, y: 0.18380249, z: 0.0000000027970795}
  m_LocalScale: {x: 1, y: 1, z: 1}
  m_ConstrainProportionsScale: 0
  m_Children:
  - {fileID: 1142609329765917515}
  m_Father: {fileID: 8364908578915857038}
  m_LocalEulerAnglesHint: {x: 0, y: 0, z: 0}
--- !u!1 &2428530789340145824
GameObject:
  m_ObjectHideFlags: 0
  m_CorrespondingSourceObject: {fileID: 0}
  m_PrefabInstance: {fileID: 0}
  m_PrefabAsset: {fileID: 0}
  serializedVersion: 6
  m_Component:
  - component: {fileID: 436937604455574691}
  m_Layer: 0
  m_Name: mixamorig:RightHandRing4
  m_TagString: Untagged
  m_Icon: {fileID: 0}
  m_NavMeshLayer: 0
  m_StaticEditorFlags: 0
  m_IsActive: 1
--- !u!4 &436937604455574691
Transform:
  m_ObjectHideFlags: 0
  m_CorrespondingSourceObject: {fileID: 0}
  m_PrefabInstance: {fileID: 0}
  m_PrefabAsset: {fileID: 0}
  m_GameObject: {fileID: 2428530789340145824}
  serializedVersion: 2
  m_LocalRotation: {x: 0, y: -0, z: -0, w: 1}
  m_LocalPosition: {x: -0.00014712532, y: 0.040111188, z: -6.6255207e-10}
  m_LocalScale: {x: 1, y: 1, z: 1}
  m_ConstrainProportionsScale: 0
  m_Children: []
  m_Father: {fileID: 4534284291364305231}
  m_LocalEulerAnglesHint: {x: 0, y: 0, z: 0}
--- !u!1 &2431912368812411314
GameObject:
  m_ObjectHideFlags: 0
  m_CorrespondingSourceObject: {fileID: 0}
  m_PrefabInstance: {fileID: 0}
  m_PrefabAsset: {fileID: 0}
  serializedVersion: 6
  m_Component:
  - component: {fileID: 1730128710555139817}
  m_Layer: 0
  m_Name: mixamorig:RightUpLeg
  m_TagString: Untagged
  m_Icon: {fileID: 0}
  m_NavMeshLayer: 0
  m_StaticEditorFlags: 0
  m_IsActive: 1
--- !u!4 &1730128710555139817
Transform:
  m_ObjectHideFlags: 0
  m_CorrespondingSourceObject: {fileID: 0}
  m_PrefabInstance: {fileID: 0}
  m_PrefabAsset: {fileID: 0}
  m_GameObject: {fileID: 2431912368812411314}
  serializedVersion: 2
  m_LocalRotation: {x: -0.0075062285, y: 0.0044760765, z: 0.9999617, w: 0.0005711187}
  m_LocalPosition: {x: 0.1033361, y: -0.04771339, z: 0.0075276326}
  m_LocalScale: {x: 1, y: 1, z: 1}
  m_ConstrainProportionsScale: 0
  m_Children:
  - {fileID: 3602927087286434567}
  m_Father: {fileID: 6367757689788443023}
  m_LocalEulerAnglesHint: {x: 0, y: 0, z: 0}
--- !u!1 &2450730101889407964
GameObject:
  m_ObjectHideFlags: 0
  m_CorrespondingSourceObject: {fileID: 0}
  m_PrefabInstance: {fileID: 0}
  m_PrefabAsset: {fileID: 0}
  serializedVersion: 6
  m_Component:
  - component: {fileID: 1972246006504462464}
  m_Layer: 0
  m_Name: mixamorig:RightHandRing2
  m_TagString: Untagged
  m_Icon: {fileID: 0}
  m_NavMeshLayer: 0
  m_StaticEditorFlags: 0
  m_IsActive: 1
--- !u!4 &1972246006504462464
Transform:
  m_ObjectHideFlags: 0
  m_CorrespondingSourceObject: {fileID: 0}
  m_PrefabInstance: {fileID: 0}
  m_PrefabAsset: {fileID: 0}
  m_GameObject: {fileID: 2450730101889407964}
  serializedVersion: 2
  m_LocalRotation: {x: 0.00000005411489, y: 0.0001276925, z: 0.0040753237, w: 0.9999917}
  m_LocalPosition: {x: -0.00012503738, y: 0.051808346, z: 0.0000000030217562}
  m_LocalScale: {x: 1, y: 1, z: 1}
  m_ConstrainProportionsScale: 0
  m_Children:
  - {fileID: 4534284291364305231}
  m_Father: {fileID: 3370889372780734335}
  m_LocalEulerAnglesHint: {x: 0, y: 0, z: 0}
--- !u!1 &2504674276082949992
GameObject:
  m_ObjectHideFlags: 0
  m_CorrespondingSourceObject: {fileID: 0}
  m_PrefabInstance: {fileID: 0}
  m_PrefabAsset: {fileID: 0}
  serializedVersion: 6
  m_Component:
  - component: {fileID: 8799928916027851687}
  m_Layer: 0
  m_Name: mixamorig:RightHandMiddle4
  m_TagString: Untagged
  m_Icon: {fileID: 0}
  m_NavMeshLayer: 0
  m_StaticEditorFlags: 0
  m_IsActive: 1
--- !u!4 &8799928916027851687
Transform:
  m_ObjectHideFlags: 0
  m_CorrespondingSourceObject: {fileID: 0}
  m_PrefabInstance: {fileID: 0}
  m_PrefabAsset: {fileID: 0}
  m_GameObject: {fileID: 2504674276082949992}
  serializedVersion: 2
  m_LocalRotation: {x: 0, y: -0, z: -0, w: 1}
  m_LocalPosition: {x: 0.00006664412, y: 0.041627467, z: -4.875008e-10}
  m_LocalScale: {x: 1, y: 1, z: 1}
  m_ConstrainProportionsScale: 0
  m_Children: []
  m_Father: {fileID: 8551064942348154611}
  m_LocalEulerAnglesHint: {x: 0, y: 0, z: 0}
--- !u!1 &2737687311658255608
GameObject:
  m_ObjectHideFlags: 0
  m_CorrespondingSourceObject: {fileID: 0}
  m_PrefabInstance: {fileID: 0}
  m_PrefabAsset: {fileID: 0}
  serializedVersion: 6
  m_Component:
  - component: {fileID: 3607710266277179356}
  - component: {fileID: 4436595462741388447}
  - component: {fileID: 265678330527394670}
  m_Layer: 0
  m_Name: Sphere
  m_TagString: Untagged
  m_Icon: {fileID: 0}
  m_NavMeshLayer: 0
  m_StaticEditorFlags: 0
  m_IsActive: 0
--- !u!4 &3607710266277179356
Transform:
  m_ObjectHideFlags: 0
  m_CorrespondingSourceObject: {fileID: 0}
  m_PrefabInstance: {fileID: 0}
  m_PrefabAsset: {fileID: 0}
  m_GameObject: {fileID: 2737687311658255608}
  serializedVersion: 2
  m_LocalRotation: {x: -0, y: -0, z: -0, w: 1}
  m_LocalPosition: {x: 0, y: 0.5, z: 0}
  m_LocalScale: {x: 1, y: 1, z: 1}
  m_ConstrainProportionsScale: 0
  m_Children: []
  m_Father: {fileID: 4163808492505652169}
  m_LocalEulerAnglesHint: {x: 0, y: 0, z: 0}
--- !u!33 &4436595462741388447
MeshFilter:
  m_ObjectHideFlags: 0
  m_CorrespondingSourceObject: {fileID: 0}
  m_PrefabInstance: {fileID: 0}
  m_PrefabAsset: {fileID: 0}
  m_GameObject: {fileID: 2737687311658255608}
  m_Mesh: {fileID: 10207, guid: 0000000000000000e000000000000000, type: 0}
--- !u!23 &265678330527394670
MeshRenderer:
  m_ObjectHideFlags: 0
  m_CorrespondingSourceObject: {fileID: 0}
  m_PrefabInstance: {fileID: 0}
  m_PrefabAsset: {fileID: 0}
  m_GameObject: {fileID: 2737687311658255608}
  m_Enabled: 1
  m_CastShadows: 1
  m_ReceiveShadows: 1
  m_DynamicOccludee: 1
  m_StaticShadowCaster: 0
  m_MotionVectors: 1
  m_LightProbeUsage: 1
  m_ReflectionProbeUsage: 1
  m_RayTracingMode: 2
  m_RayTraceProcedural: 0
  m_RenderingLayerMask: 1
  m_RendererPriority: 0
  m_Materials:
  - {fileID: 10303, guid: 0000000000000000f000000000000000, type: 0}
  m_StaticBatchInfo:
    firstSubMesh: 0
    subMeshCount: 0
  m_StaticBatchRoot: {fileID: 0}
  m_ProbeAnchor: {fileID: 0}
  m_LightProbeVolumeOverride: {fileID: 0}
  m_ScaleInLightmap: 1
  m_ReceiveGI: 1
  m_PreserveUVs: 0
  m_IgnoreNormalsForChartDetection: 0
  m_ImportantGI: 0
  m_StitchLightmapSeams: 1
  m_SelectedEditorRenderState: 3
  m_MinimumChartSize: 4
  m_AutoUVMaxDistance: 0.5
  m_AutoUVMaxAngle: 89
  m_LightmapParameters: {fileID: 0}
  m_SortingLayerID: 0
  m_SortingLayer: 0
  m_SortingOrder: 0
  m_AdditionalVertexStreams: {fileID: 0}
--- !u!1 &2742418832255551826
GameObject:
  m_ObjectHideFlags: 0
  m_CorrespondingSourceObject: {fileID: 0}
  m_PrefabInstance: {fileID: 0}
  m_PrefabAsset: {fileID: 0}
  serializedVersion: 6
  m_Component:
  - component: {fileID: 836556320417141110}
  m_Layer: 0
  m_Name: mixamorig:LeftFoot
  m_TagString: Untagged
  m_Icon: {fileID: 0}
  m_NavMeshLayer: 0
  m_StaticEditorFlags: 0
  m_IsActive: 1
--- !u!4 &836556320417141110
Transform:
  m_ObjectHideFlags: 0
  m_CorrespondingSourceObject: {fileID: 0}
  m_PrefabInstance: {fileID: 0}
  m_PrefabAsset: {fileID: 0}
  m_GameObject: {fileID: 2742418832255551826}
  serializedVersion: 2
  m_LocalRotation: {x: 0.5375828, y: -0.05719323, z: -0.051546983, w: 0.83968836}
  m_LocalPosition: {x: 0.0000000024512354, y: 0.39304098, z: -0.0000000012135}
  m_LocalScale: {x: 1, y: 1, z: 1}
  m_ConstrainProportionsScale: 0
  m_Children:
  - {fileID: 2733666433487442697}
  m_Father: {fileID: 6531934572042946376}
  m_LocalEulerAnglesHint: {x: 0, y: 0, z: 0}
--- !u!1 &2938783685459556581
GameObject:
  m_ObjectHideFlags: 0
  m_CorrespondingSourceObject: {fileID: 0}
  m_PrefabInstance: {fileID: 0}
  m_PrefabAsset: {fileID: 0}
  serializedVersion: 6
  m_Component:
  - component: {fileID: 7264709321157965099}
  m_Layer: 0
  m_Name: mixamorig:LeftHandRing4
  m_TagString: Untagged
  m_Icon: {fileID: 0}
  m_NavMeshLayer: 0
  m_StaticEditorFlags: 0
  m_IsActive: 1
--- !u!4 &7264709321157965099
Transform:
  m_ObjectHideFlags: 0
  m_CorrespondingSourceObject: {fileID: 0}
  m_PrefabInstance: {fileID: 0}
  m_PrefabAsset: {fileID: 0}
  m_GameObject: {fileID: 2938783685459556581}
  serializedVersion: 2
  m_LocalRotation: {x: 0, y: -0, z: -0, w: 1}
  m_LocalPosition: {x: 0.00006162531, y: 0.03923181, z: -5.9314403e-10}
  m_LocalScale: {x: 1, y: 1, z: 1}
  m_ConstrainProportionsScale: 0
  m_Children: []
  m_Father: {fileID: 1607555101203337234}
  m_LocalEulerAnglesHint: {x: 0, y: 0, z: 0}
--- !u!1 &3157058955046471842
GameObject:
  m_ObjectHideFlags: 0
  m_CorrespondingSourceObject: {fileID: 0}
  m_PrefabInstance: {fileID: 0}
  m_PrefabAsset: {fileID: 0}
  serializedVersion: 6
  m_Component:
  - component: {fileID: 5717741856190077733}
  m_Layer: 0
  m_Name: mixamorig:LeftHandPinky2
  m_TagString: Untagged
  m_Icon: {fileID: 0}
  m_NavMeshLayer: 0
  m_StaticEditorFlags: 0
  m_IsActive: 1
--- !u!4 &5717741856190077733
Transform:
  m_ObjectHideFlags: 0
  m_CorrespondingSourceObject: {fileID: 0}
  m_PrefabInstance: {fileID: 0}
  m_PrefabAsset: {fileID: 0}
  m_GameObject: {fileID: 3157058955046471842}
  serializedVersion: 2
  m_LocalRotation: {x: 0.0000037700406, y: -0.0006348844, z: -0.013229269, w: 0.9999123}
  m_LocalPosition: {x: 0.00036343577, y: 0.052075256, z: 0.0000000019430493}
  m_LocalScale: {x: 1, y: 1, z: 1}
  m_ConstrainProportionsScale: 0
  m_Children:
  - {fileID: 2959971276656871045}
  m_Father: {fileID: 2052423320778865617}
  m_LocalEulerAnglesHint: {x: 0, y: 0, z: 0}
--- !u!1 &3159450447456541341
GameObject:
  m_ObjectHideFlags: 0
  m_CorrespondingSourceObject: {fileID: 0}
  m_PrefabInstance: {fileID: 0}
  m_PrefabAsset: {fileID: 0}
  serializedVersion: 6
  m_Component:
  - component: {fileID: 2077553103471894210}
  m_Layer: 0
  m_Name: mixamorig:LeftToe_End
  m_TagString: Untagged
  m_Icon: {fileID: 0}
  m_NavMeshLayer: 0
  m_StaticEditorFlags: 0
  m_IsActive: 1
--- !u!4 &2077553103471894210
Transform:
  m_ObjectHideFlags: 0
  m_CorrespondingSourceObject: {fileID: 0}
  m_PrefabInstance: {fileID: 0}
  m_PrefabAsset: {fileID: 0}
  m_GameObject: {fileID: 3159450447456541341}
  serializedVersion: 2
  m_LocalRotation: {x: 0, y: -0, z: -0, w: 1}
  m_LocalPosition: {x: 2.435243e-11, y: 0.08118059, z: 7.1639313e-12}
  m_LocalScale: {x: 1, y: 1, z: 1}
  m_ConstrainProportionsScale: 0
  m_Children: []
  m_Father: {fileID: 2733666433487442697}
  m_LocalEulerAnglesHint: {x: 0, y: 0, z: 0}
--- !u!1 &3217822537433331378
GameObject:
  m_ObjectHideFlags: 0
  m_CorrespondingSourceObject: {fileID: 0}
  m_PrefabInstance: {fileID: 0}
  m_PrefabAsset: {fileID: 0}
  serializedVersion: 6
  m_Component:
  - component: {fileID: 1761332132854188381}
  m_Layer: 0
  m_Name: mixamorig:Head
  m_TagString: Untagged
  m_Icon: {fileID: 0}
  m_NavMeshLayer: 0
  m_StaticEditorFlags: 0
  m_IsActive: 1
--- !u!4 &1761332132854188381
Transform:
  m_ObjectHideFlags: 0
  m_CorrespondingSourceObject: {fileID: 0}
  m_PrefabInstance: {fileID: 0}
  m_PrefabAsset: {fileID: 0}
  m_GameObject: {fileID: 3217822537433331378}
  serializedVersion: 2
  m_LocalRotation: {x: 0, y: -0, z: -1.2017765e-30, w: 1}
  m_LocalPosition: {x: -0, y: 0.17330268, z: 0.0016984541}
  m_LocalScale: {x: 1, y: 1, z: 1}
  m_ConstrainProportionsScale: 0
  m_Children:
  - {fileID: 8545000495213335683}
  m_Father: {fileID: 2103466927605405347}
  m_LocalEulerAnglesHint: {x: 0, y: 0, z: 0}
--- !u!1 &3522968247025180974
GameObject:
  m_ObjectHideFlags: 0
  m_CorrespondingSourceObject: {fileID: 0}
  m_PrefabInstance: {fileID: 0}
  m_PrefabAsset: {fileID: 0}
  serializedVersion: 6
  m_Component:
  - component: {fileID: 7319786291360102609}
  m_Layer: 0
  m_Name: mixamorig:RightHandPinky4
  m_TagString: Untagged
  m_Icon: {fileID: 0}
  m_NavMeshLayer: 0
  m_StaticEditorFlags: 0
  m_IsActive: 1
--- !u!4 &7319786291360102609
Transform:
  m_ObjectHideFlags: 0
  m_CorrespondingSourceObject: {fileID: 0}
  m_PrefabInstance: {fileID: 0}
  m_PrefabAsset: {fileID: 0}
  m_GameObject: {fileID: 3522968247025180974}
  serializedVersion: 2
  m_LocalRotation: {x: 0, y: -0, z: -0, w: 1}
  m_LocalPosition: {x: -0.00033284602, y: 0.030161833, z: -4.9636895e-10}
  m_LocalScale: {x: 1, y: 1, z: 1}
  m_ConstrainProportionsScale: 0
  m_Children: []
  m_Father: {fileID: 7052742147081802974}
  m_LocalEulerAnglesHint: {x: 0, y: 0, z: 0}
--- !u!1 &3528983264381977460
GameObject:
  m_ObjectHideFlags: 0
  m_CorrespondingSourceObject: {fileID: 0}
  m_PrefabInstance: {fileID: 0}
  m_PrefabAsset: {fileID: 0}
  serializedVersion: 6
  m_Component:
  - component: {fileID: 3370889372780734335}
  m_Layer: 0
  m_Name: mixamorig:RightHandRing1
  m_TagString: Untagged
  m_Icon: {fileID: 0}
  m_NavMeshLayer: 0
  m_StaticEditorFlags: 0
  m_IsActive: 1
--- !u!4 &3370889372780734335
Transform:
  m_ObjectHideFlags: 0
  m_CorrespondingSourceObject: {fileID: 0}
  m_PrefabInstance: {fileID: 0}
  m_PrefabAsset: {fileID: 0}
  m_GameObject: {fileID: 3528983264381977460}
  serializedVersion: 2
  m_LocalRotation: {x: -0.03398112, y: -0.024220327, z: 0.07317929, w: 0.9964454}
  m_LocalPosition: {x: 0.01705539, y: 0.09981629, z: -0.004594734}
  m_LocalScale: {x: 1, y: 1, z: 1}
  m_ConstrainProportionsScale: 0
  m_Children:
  - {fileID: 1972246006504462464}
  m_Father: {fileID: 4737989398164633206}
  m_LocalEulerAnglesHint: {x: 0, y: 0, z: 0}
--- !u!1 &3785482799943420967
GameObject:
  m_ObjectHideFlags: 0
  m_CorrespondingSourceObject: {fileID: 0}
  m_PrefabInstance: {fileID: 0}
  m_PrefabAsset: {fileID: 0}
  serializedVersion: 6
  m_Component:
  - component: {fileID: 6516414101732765556}
  m_Layer: 0
  m_Name: mixamorig:Spine1
  m_TagString: Untagged
  m_Icon: {fileID: 0}
  m_NavMeshLayer: 0
  m_StaticEditorFlags: 0
  m_IsActive: 1
--- !u!4 &6516414101732765556
Transform:
  m_ObjectHideFlags: 0
  m_CorrespondingSourceObject: {fileID: 0}
  m_PrefabInstance: {fileID: 0}
  m_PrefabAsset: {fileID: 0}
  m_GameObject: {fileID: 3785482799943420967}
  serializedVersion: 2
  m_LocalRotation: {x: 4.7321208e-26, y: -6.9600365e-14, z: 6.7989885e-13, w: 1}
  m_LocalPosition: {x: -0, y: 0.10042058, z: -2.3881336e-10}
  m_LocalScale: {x: 1, y: 1, z: 1}
  m_ConstrainProportionsScale: 0
  m_Children:
  - {fileID: 5640988074932018550}
  m_Father: {fileID: 103685002080818027}
  m_LocalEulerAnglesHint: {x: 0, y: 0, z: 0}
--- !u!1 &3850115556563833444
GameObject:
  m_ObjectHideFlags: 0
  m_CorrespondingSourceObject: {fileID: 0}
  m_PrefabInstance: {fileID: 0}
  m_PrefabAsset: {fileID: 0}
  serializedVersion: 6
  m_Component:
  - component: {fileID: 2959971276656871045}
  m_Layer: 0
  m_Name: mixamorig:LeftHandPinky3
  m_TagString: Untagged
  m_Icon: {fileID: 0}
  m_NavMeshLayer: 0
  m_StaticEditorFlags: 0
  m_IsActive: 1
--- !u!4 &2959971276656871045
Transform:
  m_ObjectHideFlags: 0
  m_CorrespondingSourceObject: {fileID: 0}
  m_PrefabInstance: {fileID: 0}
  m_PrefabAsset: {fileID: 0}
  m_GameObject: {fileID: 3850115556563833444}
  serializedVersion: 2
  m_LocalRotation: {x: -0.0000014453166, y: 0.00041250777, z: 0.016156849, w: 0.9998694}
  m_LocalPosition: {x: -0.0007968389, y: 0.040890597, z: -0.0000000032768896}
  m_LocalScale: {x: 1, y: 1, z: 1}
  m_ConstrainProportionsScale: 0
  m_Children:
  - {fileID: 6655096611568080955}
  m_Father: {fileID: 5717741856190077733}
  m_LocalEulerAnglesHint: {x: 0, y: 0, z: 0}
--- !u!1 &3992545172938796372
GameObject:
  m_ObjectHideFlags: 0
  m_CorrespondingSourceObject: {fileID: 0}
  m_PrefabInstance: {fileID: 0}
  m_PrefabAsset: {fileID: 0}
  serializedVersion: 6
  m_Component:
  - component: {fileID: 4737989398164633206}
  m_Layer: 0
  m_Name: mixamorig:RightHand
  m_TagString: Untagged
  m_Icon: {fileID: 0}
  m_NavMeshLayer: 0
  m_StaticEditorFlags: 0
  m_IsActive: 1
--- !u!4 &4737989398164633206
Transform:
  m_ObjectHideFlags: 0
  m_CorrespondingSourceObject: {fileID: 0}
  m_PrefabInstance: {fileID: 0}
  m_PrefabAsset: {fileID: 0}
  m_GameObject: {fileID: 3992545172938796372}
  serializedVersion: 2
  m_LocalRotation: {x: 0.03462151, y: 0.015974553, z: -0.07409926, w: 0.9965217}
  m_LocalPosition: {x: 1.98068e-10, y: 0.30639762, z: 1.6212638e-10}
  m_LocalScale: {x: 1, y: 1, z: 1}
  m_ConstrainProportionsScale: 0
  m_Children:
  - {fileID: 5839967338010243019}
  - {fileID: 6879534401773576268}
  - {fileID: 2125028253432115075}
  - {fileID: 3370889372780734335}
  - {fileID: 8857620185249467882}
  m_Father: {fileID: 5592442158769758032}
  m_LocalEulerAnglesHint: {x: 0, y: 0, z: 0}
--- !u!1 &4053887256298680872
GameObject:
  m_ObjectHideFlags: 0
  m_CorrespondingSourceObject: {fileID: 0}
  m_PrefabInstance: {fileID: 0}
  m_PrefabAsset: {fileID: 0}
  serializedVersion: 6
  m_Component:
  - component: {fileID: 3335033901253575771}
  m_Layer: 0
  m_Name: mixamorig:LeftHandRing1
  m_TagString: Untagged
  m_Icon: {fileID: 0}
  m_NavMeshLayer: 0
  m_StaticEditorFlags: 0
  m_IsActive: 1
--- !u!4 &3335033901253575771
Transform:
  m_ObjectHideFlags: 0
  m_CorrespondingSourceObject: {fileID: 0}
  m_PrefabInstance: {fileID: 0}
  m_PrefabAsset: {fileID: 0}
  m_GameObject: {fileID: 4053887256298680872}
  serializedVersion: 2
  m_LocalRotation: {x: -0.038360637, y: 0.024984296, z: -0.06220498, w: 0.997013}
  m_LocalPosition: {x: -0.019510794, y: 0.1035057, z: -0.004639159}
  m_LocalScale: {x: 1, y: 1, z: 1}
  m_ConstrainProportionsScale: 0
  m_Children:
  - {fileID: 7866345987295606301}
  m_Father: {fileID: 1915917804732707699}
  m_LocalEulerAnglesHint: {x: 0, y: 0, z: 0}
--- !u!1 &4192788165072902580
GameObject:
  m_ObjectHideFlags: 0
  m_CorrespondingSourceObject: {fileID: 0}
  m_PrefabInstance: {fileID: 0}
  m_PrefabAsset: {fileID: 0}
  serializedVersion: 6
  m_Component:
  - component: {fileID: 1607555101203337234}
  m_Layer: 0
  m_Name: mixamorig:LeftHandRing3
  m_TagString: Untagged
  m_Icon: {fileID: 0}
  m_NavMeshLayer: 0
  m_StaticEditorFlags: 0
  m_IsActive: 1
--- !u!4 &1607555101203337234
Transform:
  m_ObjectHideFlags: 0
  m_CorrespondingSourceObject: {fileID: 0}
  m_PrefabInstance: {fileID: 0}
  m_PrefabAsset: {fileID: 0}
  m_GameObject: {fileID: 4192788165072902580}
  serializedVersion: 2
  m_LocalRotation: {x: 0.00000036136242, y: 0.000017471619, z: 0.0017943977, w: 0.9999984}
  m_LocalPosition: {x: -0.00009261631, y: 0.046314124, z: 0.0000000022822273}
  m_LocalScale: {x: 1, y: 1, z: 1}
  m_ConstrainProportionsScale: 0
  m_Children:
  - {fileID: 7264709321157965099}
  m_Father: {fileID: 7866345987295606301}
  m_LocalEulerAnglesHint: {x: 0, y: 0, z: 0}
--- !u!1 &4360258116575398676
GameObject:
  m_ObjectHideFlags: 0
  m_CorrespondingSourceObject: {fileID: 0}
  m_PrefabInstance: {fileID: 0}
  m_PrefabAsset: {fileID: 0}
  serializedVersion: 6
  m_Component:
  - component: {fileID: 8364908578915857038}
  m_Layer: 0
  m_Name: mixamorig:RightFoot
  m_TagString: Untagged
  m_Icon: {fileID: 0}
  m_NavMeshLayer: 0
  m_StaticEditorFlags: 0
  m_IsActive: 1
--- !u!4 &8364908578915857038
Transform:
  m_ObjectHideFlags: 0
  m_CorrespondingSourceObject: {fileID: 0}
  m_PrefabInstance: {fileID: 0}
  m_PrefabAsset: {fileID: 0}
  m_GameObject: {fileID: 4360258116575398676}
  serializedVersion: 2
  m_LocalRotation: {x: 0.5404893, y: 0.056257173, z: 0.052410323, w: 0.8378303}
  m_LocalPosition: {x: 9.644054e-10, y: 0.39290148, z: 0.0000000021649957}
  m_LocalScale: {x: 1, y: 1, z: 1}
  m_ConstrainProportionsScale: 0
  m_Children:
  - {fileID: 5723554528750115877}
  m_Father: {fileID: 3602927087286434567}
  m_LocalEulerAnglesHint: {x: 0, y: 0, z: 0}
--- !u!1 &4622674417722735158
GameObject:
  m_ObjectHideFlags: 0
  m_CorrespondingSourceObject: {fileID: 0}
  m_PrefabInstance: {fileID: 0}
  m_PrefabAsset: {fileID: 0}
  serializedVersion: 6
  m_Component:
  - component: {fileID: 2052423320778865617}
  m_Layer: 0
  m_Name: mixamorig:LeftHandPinky1
  m_TagString: Untagged
  m_Icon: {fileID: 0}
  m_NavMeshLayer: 0
  m_StaticEditorFlags: 0
  m_IsActive: 1
--- !u!4 &2052423320778865617
Transform:
  m_ObjectHideFlags: 0
  m_CorrespondingSourceObject: {fileID: 0}
  m_PrefabInstance: {fileID: 0}
  m_PrefabAsset: {fileID: 0}
  m_GameObject: {fileID: 4622674417722735158}
  serializedVersion: 2
  m_LocalRotation: {x: -0.037143398, y: 0.042202827, z: -0.059688885, w: 0.99663264}
  m_LocalPosition: {x: -0.03925956, y: 0.086162716, z: -0.0078187045}
  m_LocalScale: {x: 1, y: 1, z: 1}
  m_ConstrainProportionsScale: 0
  m_Children:
  - {fileID: 5717741856190077733}
  m_Father: {fileID: 1915917804732707699}
  m_LocalEulerAnglesHint: {x: 0, y: 0, z: 0}
--- !u!1 &4756223942457425581
GameObject:
  m_ObjectHideFlags: 0
  m_CorrespondingSourceObject: {fileID: 0}
  m_PrefabInstance: {fileID: 0}
  m_PrefabAsset: {fileID: 0}
  serializedVersion: 6
  m_Component:
  - component: {fileID: 8545000495213335683}
  m_Layer: 0
  m_Name: mixamorig:HeadTop_End
  m_TagString: Untagged
  m_Icon: {fileID: 0}
  m_NavMeshLayer: 0
  m_StaticEditorFlags: 0
  m_IsActive: 1
--- !u!4 &8545000495213335683
Transform:
  m_ObjectHideFlags: 0
  m_CorrespondingSourceObject: {fileID: 0}
  m_PrefabInstance: {fileID: 0}
  m_PrefabAsset: {fileID: 0}
  m_GameObject: {fileID: 4756223942457425581}
  serializedVersion: 2
  m_LocalRotation: {x: 0, y: -0, z: -0, w: 1}
  m_LocalPosition: {x: -0, y: 0.25252998, z: 0.004497975}
  m_LocalScale: {x: 1, y: 1, z: 1}
  m_ConstrainProportionsScale: 0
  m_Children: []
  m_Father: {fileID: 1761332132854188381}
  m_LocalEulerAnglesHint: {x: 0, y: 0, z: 0}
--- !u!1 &4859765238119539624
GameObject:
  m_ObjectHideFlags: 0
  m_CorrespondingSourceObject: {fileID: 0}
  m_PrefabInstance: {fileID: 0}
  m_PrefabAsset: {fileID: 0}
  serializedVersion: 6
  m_Component:
  - component: {fileID: 6879534401773576268}
  m_Layer: 0
  m_Name: mixamorig:RightHandMiddle1
  m_TagString: Untagged
  m_Icon: {fileID: 0}
  m_NavMeshLayer: 0
  m_StaticEditorFlags: 0
  m_IsActive: 1
--- !u!4 &6879534401773576268
Transform:
  m_ObjectHideFlags: 0
  m_CorrespondingSourceObject: {fileID: 0}
  m_PrefabInstance: {fileID: 0}
  m_PrefabAsset: {fileID: 0}
  m_GameObject: {fileID: 4859765238119539624}
  serializedVersion: 2
  m_LocalRotation: {x: -0.034363188, y: -0.019425899, z: 0.07412544, w: 0.9964674}
  m_LocalPosition: {x: -0.015205797, y: 0.102352865, z: -0.0074042287}
  m_LocalScale: {x: 1, y: 1, z: 1}
  m_ConstrainProportionsScale: 0
  m_Children:
  - {fileID: 3979308505523083243}
  m_Father: {fileID: 4737989398164633206}
  m_LocalEulerAnglesHint: {x: 0, y: 0, z: 0}
--- !u!1 &4879919461085708148
GameObject:
  m_ObjectHideFlags: 0
  m_CorrespondingSourceObject: {fileID: 0}
  m_PrefabInstance: {fileID: 0}
  m_PrefabAsset: {fileID: 0}
  serializedVersion: 6
  m_Component:
  - component: {fileID: 2103466927605405347}
  m_Layer: 0
  m_Name: mixamorig:Neck
  m_TagString: Untagged
  m_Icon: {fileID: 0}
  m_NavMeshLayer: 0
  m_StaticEditorFlags: 0
  m_IsActive: 1
--- !u!4 &2103466927605405347
Transform:
  m_ObjectHideFlags: 0
  m_CorrespondingSourceObject: {fileID: 0}
  m_PrefabInstance: {fileID: 0}
  m_PrefabAsset: {fileID: 0}
  m_GameObject: {fileID: 4879919461085708148}
  serializedVersion: 2
  m_LocalRotation: {x: 0.019796275, y: 3.812343e-14, z: 2.2817306e-13, w: 0.999804}
  m_LocalPosition: {x: -0, y: 0.12911211, z: -0.0000000052789906}
  m_LocalScale: {x: 1, y: 1, z: 1}
  m_ConstrainProportionsScale: 0
  m_Children:
  - {fileID: 1761332132854188381}
  m_Father: {fileID: 5640988074932018550}
  m_LocalEulerAnglesHint: {x: 0, y: 0, z: 0}
--- !u!1 &5063105442579548930
GameObject:
  m_ObjectHideFlags: 0
  m_CorrespondingSourceObject: {fileID: 0}
  m_PrefabInstance: {fileID: 0}
  m_PrefabAsset: {fileID: 0}
  serializedVersion: 6
  m_Component:
  - component: {fileID: 5839967338010243019}
  m_Layer: 0
  m_Name: mixamorig:RightHandIndex1
  m_TagString: Untagged
  m_Icon: {fileID: 0}
  m_NavMeshLayer: 0
  m_StaticEditorFlags: 0
  m_IsActive: 1
--- !u!4 &5839967338010243019
Transform:
  m_ObjectHideFlags: 0
  m_CorrespondingSourceObject: {fileID: 0}
  m_PrefabInstance: {fileID: 0}
  m_PrefabAsset: {fileID: 0}
  m_GameObject: {fileID: 5063105442579548930}
  serializedVersion: 2
  m_LocalRotation: {x: -0.035002347, y: -0.011027849, z: 0.075520754, w: 0.9964687}
  m_LocalPosition: {x: -0.045895353, y: 0.10470309, z: -0.005960167}
  m_LocalScale: {x: 1, y: 1, z: 1}
  m_ConstrainProportionsScale: 0
  m_Children:
  - {fileID: 1209594428997138396}
  m_Father: {fileID: 4737989398164633206}
  m_LocalEulerAnglesHint: {x: 0, y: 0, z: 0}
--- !u!1 &5197119977531861756
GameObject:
  m_ObjectHideFlags: 0
  m_CorrespondingSourceObject: {fileID: 0}
  m_PrefabInstance: {fileID: 0}
  m_PrefabAsset: {fileID: 0}
  serializedVersion: 6
  m_Component:
  - component: {fileID: 8727041217555376065}
  m_Layer: 0
  m_Name: mixamorig:LeftHandThumb2
  m_TagString: Untagged
  m_Icon: {fileID: 0}
  m_NavMeshLayer: 0
  m_StaticEditorFlags: 0
  m_IsActive: 1
--- !u!4 &8727041217555376065
Transform:
  m_ObjectHideFlags: 0
  m_CorrespondingSourceObject: {fileID: 0}
  m_PrefabInstance: {fileID: 0}
  m_PrefabAsset: {fileID: 0}
  m_GameObject: {fileID: 5197119977531861756}
  serializedVersion: 2
  m_LocalRotation: {x: 0.000006290312, y: 0.000737106, z: -0.06477784, w: 0.9978995}
  m_LocalPosition: {x: 0.0031358525, y: 0.04250937, z: -2.0015704e-11}
  m_LocalScale: {x: 1, y: 1, z: 1}
  m_ConstrainProportionsScale: 0
  m_Children:
  - {fileID: 3722730925189418774}
  m_Father: {fileID: 58369593461398601}
  m_LocalEulerAnglesHint: {x: 0, y: 0, z: 0}
--- !u!1 &5341052037672874439
GameObject:
  m_ObjectHideFlags: 0
  m_CorrespondingSourceObject: {fileID: 0}
  m_PrefabInstance: {fileID: 0}
  m_PrefabAsset: {fileID: 0}
  serializedVersion: 6
  m_Component:
  - component: {fileID: 8870073633242260031}
  m_Layer: 0
  m_Name: mixamorig:LeftHandMiddle2
  m_TagString: Untagged
  m_Icon: {fileID: 0}
  m_NavMeshLayer: 0
  m_StaticEditorFlags: 0
  m_IsActive: 1
--- !u!4 &8870073633242260031
Transform:
  m_ObjectHideFlags: 0
  m_CorrespondingSourceObject: {fileID: 0}
  m_PrefabInstance: {fileID: 0}
  m_PrefabAsset: {fileID: 0}
  m_GameObject: {fileID: 5341052037672874439}
  serializedVersion: 2
  m_LocalRotation: {x: -0.0000003526851, y: 0.000010419778, z: 0.000251577, w: 1}
  m_LocalPosition: {x: 0.00010782384, y: 0.05230744, z: -9.451878e-10}
  m_LocalScale: {x: 1, y: 1, z: 1}
  m_ConstrainProportionsScale: 0
  m_Children:
  - {fileID: 1086794388292480315}
  m_Father: {fileID: 2034474479223684241}
  m_LocalEulerAnglesHint: {x: 0, y: 0, z: 0}
--- !u!1 &5551363543176035853
GameObject:
  m_ObjectHideFlags: 0
  m_CorrespondingSourceObject: {fileID: 0}
  m_PrefabInstance: {fileID: 0}
  m_PrefabAsset: {fileID: 0}
  serializedVersion: 6
  m_Component:
  - component: {fileID: 6655096611568080955}
  m_Layer: 0
  m_Name: mixamorig:LeftHandPinky4
  m_TagString: Untagged
  m_Icon: {fileID: 0}
  m_NavMeshLayer: 0
  m_StaticEditorFlags: 0
  m_IsActive: 1
--- !u!4 &6655096611568080955
Transform:
  m_ObjectHideFlags: 0
  m_CorrespondingSourceObject: {fileID: 0}
  m_PrefabInstance: {fileID: 0}
  m_PrefabAsset: {fileID: 0}
  m_GameObject: {fileID: 5551363543176035853}
  serializedVersion: 2
  m_LocalRotation: {x: 0, y: -0, z: -0, w: 1}
  m_LocalPosition: {x: 0.0004334059, y: 0.033756196, z: 6.6423095e-10}
  m_LocalScale: {x: 1, y: 1, z: 1}
  m_ConstrainProportionsScale: 0
  m_Children: []
  m_Father: {fileID: 2959971276656871045}
  m_LocalEulerAnglesHint: {x: 0, y: 0, z: 0}
--- !u!1 &5715492417320193153
GameObject:
  m_ObjectHideFlags: 0
  m_CorrespondingSourceObject: {fileID: 0}
  m_PrefabInstance: {fileID: 0}
  m_PrefabAsset: {fileID: 0}
  serializedVersion: 6
  m_Component:
  - component: {fileID: 2534551554514615204}
  m_Layer: 0
  m_Name: mixamorig:RightHandPinky2
  m_TagString: Untagged
  m_Icon: {fileID: 0}
  m_NavMeshLayer: 0
  m_StaticEditorFlags: 0
  m_IsActive: 1
--- !u!4 &2534551554514615204
Transform:
  m_ObjectHideFlags: 0
  m_CorrespondingSourceObject: {fileID: 0}
  m_PrefabInstance: {fileID: 0}
  m_PrefabAsset: {fileID: 0}
  m_GameObject: {fileID: 5715492417320193153}
  serializedVersion: 2
  m_LocalRotation: {x: 0.0000032044825, y: 0.0005883597, z: 0.015786838, w: 0.99987525}
  m_LocalPosition: {x: -0.00049342425, y: 0.04854664, z: 5.2892063e-10}
  m_LocalScale: {x: 1, y: 1, z: 1}
  m_ConstrainProportionsScale: 0
  m_Children:
  - {fileID: 7052742147081802974}
  m_Father: {fileID: 2125028253432115075}
  m_LocalEulerAnglesHint: {x: 0, y: 0, z: 0}
--- !u!1 &5762946936034979508
GameObject:
  m_ObjectHideFlags: 0
  m_CorrespondingSourceObject: {fileID: 0}
  m_PrefabInstance: {fileID: 0}
  m_PrefabAsset: {fileID: 0}
  serializedVersion: 6
  m_Component:
  - component: {fileID: 7127817240113172266}
  m_Layer: 0
  m_Name: mixamorig:RightHandIndex4
  m_TagString: Untagged
  m_Icon: {fileID: 0}
  m_NavMeshLayer: 0
  m_StaticEditorFlags: 0
  m_IsActive: 1
--- !u!4 &7127817240113172266
Transform:
  m_ObjectHideFlags: 0
  m_CorrespondingSourceObject: {fileID: 0}
  m_PrefabInstance: {fileID: 0}
  m_PrefabAsset: {fileID: 0}
  m_GameObject: {fileID: 5762946936034979508}
  serializedVersion: 2
  m_LocalRotation: {x: 0, y: -0, z: -0, w: 1}
  m_LocalPosition: {x: -0.000017088632, y: 0.04077937, z: -0.0000000015417876}
  m_LocalScale: {x: 1, y: 1, z: 1}
  m_ConstrainProportionsScale: 0
  m_Children: []
  m_Father: {fileID: 1279249621237981107}
  m_LocalEulerAnglesHint: {x: 0, y: 0, z: 0}
--- !u!1 &5904118006639695764
GameObject:
  m_ObjectHideFlags: 0
  m_CorrespondingSourceObject: {fileID: 0}
  m_PrefabInstance: {fileID: 0}
  m_PrefabAsset: {fileID: 0}
  serializedVersion: 6
  m_Component:
  - component: {fileID: 1142609329765917515}
  m_Layer: 0
  m_Name: mixamorig:RightToe_End
  m_TagString: Untagged
  m_Icon: {fileID: 0}
  m_NavMeshLayer: 0
  m_StaticEditorFlags: 0
  m_IsActive: 1
--- !u!4 &1142609329765917515
Transform:
  m_ObjectHideFlags: 0
  m_CorrespondingSourceObject: {fileID: 0}
  m_PrefabInstance: {fileID: 0}
  m_PrefabAsset: {fileID: 0}
  m_GameObject: {fileID: 5904118006639695764}
  serializedVersion: 2
  m_LocalRotation: {x: 0, y: -0, z: -0, w: 1}
  m_LocalPosition: {x: -4.291529e-11, y: 0.08078692, z: -4.2982948e-13}
  m_LocalScale: {x: 1, y: 1, z: 1}
  m_ConstrainProportionsScale: 0
  m_Children: []
  m_Father: {fileID: 5723554528750115877}
  m_LocalEulerAnglesHint: {x: 0, y: 0, z: 0}
--- !u!1 &5958592358388417524
GameObject:
  m_ObjectHideFlags: 0
  m_CorrespondingSourceObject: {fileID: 0}
  m_PrefabInstance: {fileID: 0}
  m_PrefabAsset: {fileID: 0}
  serializedVersion: 6
  m_Component:
  - component: {fileID: 5592442158769758032}
  m_Layer: 0
  m_Name: mixamorig:RightForeArm
  m_TagString: Untagged
  m_Icon: {fileID: 0}
  m_NavMeshLayer: 0
  m_StaticEditorFlags: 0
  m_IsActive: 1
--- !u!4 &5592442158769758032
Transform:
  m_ObjectHideFlags: 0
  m_CorrespondingSourceObject: {fileID: 0}
  m_PrefabInstance: {fileID: 0}
  m_PrefabAsset: {fileID: 0}
  m_GameObject: {fileID: 5958592358388417524}
  serializedVersion: 2
  m_LocalRotation: {x: -0.00000025985892, y: 0.0010162955, z: 0.000000071642646, w: 0.9999995}
  m_LocalPosition: {x: 3.7879e-11, y: 0.24772148, z: 0.0000000010004169}
  m_LocalScale: {x: 1, y: 1, z: 1}
  m_ConstrainProportionsScale: 0
  m_Children:
  - {fileID: 4737989398164633206}
  m_Father: {fileID: 1281822022281445536}
  m_LocalEulerAnglesHint: {x: 0, y: 0, z: 0}
--- !u!1 &5968465963504438267
GameObject:
  m_ObjectHideFlags: 0
  m_CorrespondingSourceObject: {fileID: 0}
  m_PrefabInstance: {fileID: 0}
  m_PrefabAsset: {fileID: 0}
  serializedVersion: 6
  m_Component:
  - component: {fileID: 6987098261384162204}
  m_Layer: 0
  m_Name: mixamorig:LeftShoulder
  m_TagString: Untagged
  m_Icon: {fileID: 0}
  m_NavMeshLayer: 0
  m_StaticEditorFlags: 0
  m_IsActive: 1
--- !u!4 &6987098261384162204
Transform:
  m_ObjectHideFlags: 0
  m_CorrespondingSourceObject: {fileID: 0}
  m_PrefabInstance: {fileID: 0}
  m_PrefabAsset: {fileID: 0}
  m_GameObject: {fileID: 5968465963504438267}
  serializedVersion: 2
  m_LocalRotation: {x: 0.56529593, y: -0.4237449, z: 0.5688349, w: 0.42107916}
  m_LocalPosition: {x: -0.07576418, y: 0.10591552, z: -0.0005160346}
  m_LocalScale: {x: 1, y: 1, z: 1}
  m_ConstrainProportionsScale: 0
  m_Children:
  - {fileID: 3589027773660562832}
  m_Father: {fileID: 5640988074932018550}
  m_LocalEulerAnglesHint: {x: 0, y: 0, z: 0}
--- !u!1 &6302887864225267002
GameObject:
  m_ObjectHideFlags: 0
  m_CorrespondingSourceObject: {fileID: 0}
  m_PrefabInstance: {fileID: 0}
  m_PrefabAsset: {fileID: 0}
  serializedVersion: 6
  m_Component:
  - component: {fileID: 2733666433487442697}
  m_Layer: 0
  m_Name: mixamorig:LeftToeBase
  m_TagString: Untagged
  m_Icon: {fileID: 0}
  m_NavMeshLayer: 0
  m_StaticEditorFlags: 0
  m_IsActive: 1
--- !u!4 &2733666433487442697
Transform:
  m_ObjectHideFlags: 0
  m_CorrespondingSourceObject: {fileID: 0}
  m_PrefabInstance: {fileID: 0}
  m_PrefabAsset: {fileID: 0}
  m_GameObject: {fileID: 6302887864225267002}
  serializedVersion: 2
  m_LocalRotation: {x: 0.2466546, y: 0.080064304, z: -0.0204523, w: 0.9655739}
  m_LocalPosition: {x: -5.436782e-10, y: 0.18444286, z: -0.0000000034024614}
  m_LocalScale: {x: 1, y: 1, z: 1}
  m_ConstrainProportionsScale: 0
  m_Children:
  - {fileID: 2077553103471894210}
  m_Father: {fileID: 836556320417141110}
  m_LocalEulerAnglesHint: {x: 0, y: 0, z: 0}
--- !u!1 &6319928582391266575
GameObject:
  m_ObjectHideFlags: 0
  m_CorrespondingSourceObject: {fileID: 0}
  m_PrefabInstance: {fileID: 0}
  m_PrefabAsset: {fileID: 0}
  serializedVersion: 6
  m_Component:
  - component: {fileID: 3722730925189418774}
  m_Layer: 0
  m_Name: mixamorig:LeftHandThumb3
  m_TagString: Untagged
  m_Icon: {fileID: 0}
  m_NavMeshLayer: 0
  m_StaticEditorFlags: 0
  m_IsActive: 1
--- !u!4 &3722730925189418774
Transform:
  m_ObjectHideFlags: 0
  m_CorrespondingSourceObject: {fileID: 0}
  m_PrefabInstance: {fileID: 0}
  m_PrefabAsset: {fileID: 0}
  m_GameObject: {fileID: 6319928582391266575}
  serializedVersion: 2
  m_LocalRotation: {x: -0.000025793606, y: 0.0008607133, z: 0.025773952, w: 0.99966747}
  m_LocalPosition: {x: -0.0029331036, y: 0.052313127, z: -1.7923411e-10}
  m_LocalScale: {x: 1, y: 1, z: 1}
  m_ConstrainProportionsScale: 0
  m_Children:
  - {fileID: 8304235204428484325}
  m_Father: {fileID: 8727041217555376065}
  m_LocalEulerAnglesHint: {x: 0, y: 0, z: 0}
--- !u!1 &6452317203257012004
GameObject:
  m_ObjectHideFlags: 0
  m_CorrespondingSourceObject: {fileID: 0}
  m_PrefabInstance: {fileID: 0}
  m_PrefabAsset: {fileID: 0}
  serializedVersion: 6
  m_Component:
  - component: {fileID: 6953962285622009533}
  m_Layer: 0
  m_Name: mixamorig:RightHandThumb2
  m_TagString: Untagged
  m_Icon: {fileID: 0}
  m_NavMeshLayer: 0
  m_StaticEditorFlags: 0
  m_IsActive: 1
--- !u!4 &6953962285622009533
Transform:
  m_ObjectHideFlags: 0
  m_CorrespondingSourceObject: {fileID: 0}
  m_PrefabInstance: {fileID: 0}
  m_PrefabAsset: {fileID: 0}
  m_GameObject: {fileID: 6452317203257012004}
  serializedVersion: 2
  m_LocalRotation: {x: 0.000072514355, y: -0.0023443003, z: 0.05869641, w: 0.99827313}
  m_LocalPosition: {x: -0.0038797488, y: 0.043209903, z: 8.903427e-10}
  m_LocalScale: {x: 1, y: 1, z: 1}
  m_ConstrainProportionsScale: 0
  m_Children:
  - {fileID: 5187960850533526492}
  m_Father: {fileID: 8857620185249467882}
  m_LocalEulerAnglesHint: {x: 0, y: 0, z: 0}
--- !u!1 &6481342561931002355
GameObject:
  m_ObjectHideFlags: 0
  m_CorrespondingSourceObject: {fileID: 0}
  m_PrefabInstance: {fileID: 0}
  m_PrefabAsset: {fileID: 0}
  serializedVersion: 6
  m_Component:
  - component: {fileID: 58369593461398601}
  m_Layer: 0
  m_Name: mixamorig:LeftHandThumb1
  m_TagString: Untagged
  m_Icon: {fileID: 0}
  m_NavMeshLayer: 0
  m_StaticEditorFlags: 0
  m_IsActive: 1
--- !u!4 &58369593461398601
Transform:
  m_ObjectHideFlags: 0
  m_CorrespondingSourceObject: {fileID: 0}
  m_PrefabInstance: {fileID: 0}
  m_PrefabAsset: {fileID: 0}
  m_GameObject: {fileID: 6481342561931002355}
  serializedVersion: 2
  m_LocalRotation: {x: 0.17465244, y: -0.11231188, z: -0.27137518, w: 0.9398075}
  m_LocalPosition: {x: 0.04242734, y: 0.029392498, z: 0.013224058}
  m_LocalScale: {x: 1, y: 1, z: 1}
  m_ConstrainProportionsScale: 0
  m_Children:
  - {fileID: 8727041217555376065}
  m_Father: {fileID: 1915917804732707699}
  m_LocalEulerAnglesHint: {x: 0, y: 0, z: 0}
--- !u!1 &6908731009857157891
GameObject:
  m_ObjectHideFlags: 0
  m_CorrespondingSourceObject: {fileID: 0}
  m_PrefabInstance: {fileID: 0}
  m_PrefabAsset: {fileID: 0}
  serializedVersion: 6
  m_Component:
  - component: {fileID: 1948754596941887138}
  m_Layer: 0
  m_Name: mixamorig:LeftHandIndex3
  m_TagString: Untagged
  m_Icon: {fileID: 0}
  m_NavMeshLayer: 0
  m_StaticEditorFlags: 0
  m_IsActive: 1
--- !u!4 &1948754596941887138
Transform:
  m_ObjectHideFlags: 0
  m_CorrespondingSourceObject: {fileID: 0}
  m_PrefabInstance: {fileID: 0}
  m_PrefabAsset: {fileID: 0}
  m_GameObject: {fileID: 6908731009857157891}
  serializedVersion: 2
  m_LocalRotation: {x: 0.000000410367, y: 0.000055034932, z: 0.0009917385, w: 0.9999995}
  m_LocalPosition: {x: 0.00013463276, y: 0.04928971, z: -0.0000000021071105}
  m_LocalScale: {x: 1, y: 1, z: 1}
  m_ConstrainProportionsScale: 0
  m_Children:
  - {fileID: 8545902363341736188}
  m_Father: {fileID: 2318250605947140096}
  m_LocalEulerAnglesHint: {x: 0, y: 0, z: 0}
--- !u!1 &7024749263851945482
GameObject:
  m_ObjectHideFlags: 0
  m_CorrespondingSourceObject: {fileID: 0}
  m_PrefabInstance: {fileID: 0}
  m_PrefabAsset: {fileID: 0}
  serializedVersion: 6
  m_Component:
  - component: {fileID: 1209594428997138396}
  m_Layer: 0
  m_Name: mixamorig:RightHandIndex2
  m_TagString: Untagged
  m_Icon: {fileID: 0}
  m_NavMeshLayer: 0
  m_StaticEditorFlags: 0
  m_IsActive: 1
--- !u!4 &1209594428997138396
Transform:
  m_ObjectHideFlags: 0
  m_CorrespondingSourceObject: {fileID: 0}
  m_PrefabInstance: {fileID: 0}
  m_PrefabAsset: {fileID: 0}
  m_GameObject: {fileID: 7024749263851945482}
  serializedVersion: 2
  m_LocalRotation: {x: -0.00000026988272, y: 0.0000035548012, z: -0.0031303316, w: 0.9999951}
  m_LocalPosition: {x: 0.0001643239, y: 0.0513184, z: -7.806744e-10}
  m_LocalScale: {x: 1, y: 1, z: 1}
  m_ConstrainProportionsScale: 0
  m_Children:
  - {fileID: 1279249621237981107}
  m_Father: {fileID: 5839967338010243019}
  m_LocalEulerAnglesHint: {x: 0, y: 0, z: 0}
--- !u!1 &7466879433877160720
GameObject:
  m_ObjectHideFlags: 0
  m_CorrespondingSourceObject: {fileID: 0}
  m_PrefabInstance: {fileID: 0}
  m_PrefabAsset: {fileID: 0}
  serializedVersion: 6
  m_Component:
  - component: {fileID: 5187960850533526492}
  m_Layer: 0
  m_Name: mixamorig:RightHandThumb3
  m_TagString: Untagged
  m_Icon: {fileID: 0}
  m_NavMeshLayer: 0
  m_StaticEditorFlags: 0
  m_IsActive: 1
--- !u!4 &5187960850533526492
Transform:
  m_ObjectHideFlags: 0
  m_CorrespondingSourceObject: {fileID: 0}
  m_PrefabInstance: {fileID: 0}
  m_PrefabAsset: {fileID: 0}
  m_GameObject: {fileID: 7466879433877160720}
  serializedVersion: 2
  m_LocalRotation: {x: -0.00008166199, y: -0.0019750898, z: 0.013247434, w: 0.9999103}
  m_LocalPosition: {x: 0.0014501378, y: 0.051945318, z: 0.0000000035083332}
  m_LocalScale: {x: 1, y: 1, z: 1}
  m_ConstrainProportionsScale: 0
  m_Children:
  - {fileID: 5161709027234554336}
  m_Father: {fileID: 6953962285622009533}
  m_LocalEulerAnglesHint: {x: 0, y: 0, z: 0}
--- !u!1 &7697436561071970590
GameObject:
  m_ObjectHideFlags: 0
  m_CorrespondingSourceObject: {fileID: 0}
  m_PrefabInstance: {fileID: 0}
  m_PrefabAsset: {fileID: 0}
  serializedVersion: 6
  m_Component:
  - component: {fileID: 5827013595323182974}
  m_Layer: 0
  m_Name: mixamorig:LeftHandIndex1
  m_TagString: Untagged
  m_Icon: {fileID: 0}
  m_NavMeshLayer: 0
  m_StaticEditorFlags: 0
  m_IsActive: 1
--- !u!4 &5827013595323182974
Transform:
  m_ObjectHideFlags: 0
  m_CorrespondingSourceObject: {fileID: 0}
  m_PrefabInstance: {fileID: 0}
  m_PrefabAsset: {fileID: 0}
  m_GameObject: {fileID: 7697436561071970590}
  serializedVersion: 2
  m_LocalRotation: {x: -0.03939621, y: 0.008827044, z: -0.065126814, w: 0.99705994}
  m_LocalPosition: {x: 0.045945987, y: 0.103527315, z: -0.0055412743}
  m_LocalScale: {x: 1, y: 1, z: 1}
  m_ConstrainProportionsScale: 0
  m_Children:
  - {fileID: 2318250605947140096}
  m_Father: {fileID: 1915917804732707699}
  m_LocalEulerAnglesHint: {x: 0, y: 0, z: 0}
--- !u!1 &7979548135207415428
GameObject:
  m_ObjectHideFlags: 0
  m_CorrespondingSourceObject: {fileID: 0}
  m_PrefabInstance: {fileID: 0}
  m_PrefabAsset: {fileID: 0}
  serializedVersion: 6
  m_Component:
  - component: {fileID: 5640988074932018550}
  m_Layer: 0
  m_Name: mixamorig:Spine2
  m_TagString: Untagged
  m_Icon: {fileID: 0}
  m_NavMeshLayer: 0
  m_StaticEditorFlags: 0
  m_IsActive: 1
--- !u!4 &5640988074932018550
Transform:
  m_ObjectHideFlags: 0
  m_CorrespondingSourceObject: {fileID: 0}
  m_PrefabInstance: {fileID: 0}
  m_PrefabAsset: {fileID: 0}
  m_GameObject: {fileID: 7979548135207415428}
  serializedVersion: 2
  m_LocalRotation: {x: 0, y: -0, z: -4.338735e-29, w: 1}
  m_LocalPosition: {x: -0, y: 0.11476647, z: -1.1751171e-10}
  m_LocalScale: {x: 1, y: 1, z: 1}
  m_ConstrainProportionsScale: 0
  m_Children:
  - {fileID: 6987098261384162204}
  - {fileID: 2103466927605405347}
  - {fileID: 2938180135663748243}
  m_Father: {fileID: 6516414101732765556}
  m_LocalEulerAnglesHint: {x: 0, y: 0, z: 0}
--- !u!1 &8008716487822063436
GameObject:
  m_ObjectHideFlags: 0
  m_CorrespondingSourceObject: {fileID: 0}
  m_PrefabInstance: {fileID: 0}
  m_PrefabAsset: {fileID: 0}
  serializedVersion: 6
  m_Component:
  - component: {fileID: 8373910955625558198}
  m_Layer: 0
  m_Name: mixamorig:LeftForeArm
  m_TagString: Untagged
  m_Icon: {fileID: 0}
  m_NavMeshLayer: 0
  m_StaticEditorFlags: 0
  m_IsActive: 1
--- !u!4 &8373910955625558198
Transform:
  m_ObjectHideFlags: 0
  m_CorrespondingSourceObject: {fileID: 0}
  m_PrefabInstance: {fileID: 0}
  m_PrefabAsset: {fileID: 0}
  m_GameObject: {fileID: 8008716487822063436}
  serializedVersion: 2
  m_LocalRotation: {x: 0.000000009555719, y: -0.00017092678, z: 0.00000012667053,
    w: 1}
  m_LocalPosition: {x: 1.3760053e-10, y: 0.24772058, z: -0.0000000017741169}
  m_LocalScale: {x: 1, y: 1, z: 1}
  m_ConstrainProportionsScale: 0
  m_Children:
  - {fileID: 1915917804732707699}
  m_Father: {fileID: 3589027773660562832}
  m_LocalEulerAnglesHint: {x: 0, y: 0, z: 0}
--- !u!1 &8120386198413651083
GameObject:
  m_ObjectHideFlags: 0
  m_CorrespondingSourceObject: {fileID: 0}
  m_PrefabInstance: {fileID: 0}
  m_PrefabAsset: {fileID: 0}
  serializedVersion: 6
  m_Component:
  - component: {fileID: 1279249621237981107}
  m_Layer: 0
  m_Name: mixamorig:RightHandIndex3
  m_TagString: Untagged
  m_Icon: {fileID: 0}
  m_NavMeshLayer: 0
  m_StaticEditorFlags: 0
  m_IsActive: 1
--- !u!4 &1279249621237981107
Transform:
  m_ObjectHideFlags: 0
  m_CorrespondingSourceObject: {fileID: 0}
  m_PrefabInstance: {fileID: 0}
  m_PrefabAsset: {fileID: 0}
  m_GameObject: {fileID: 8120386198413651083}
  serializedVersion: 2
  m_LocalRotation: {x: -0.00000048577334, y: 0.000039985764, z: 0.0013240596, w: 0.99999917}
  m_LocalPosition: {x: -0.00014723465, y: 0.04796193, z: 8.260065e-10}
  m_LocalScale: {x: 1, y: 1, z: 1}
  m_ConstrainProportionsScale: 0
  m_Children:
  - {fileID: 7127817240113172266}
  m_Father: {fileID: 1209594428997138396}
  m_LocalEulerAnglesHint: {x: 0, y: 0, z: 0}
--- !u!1 &8165092859574867112
GameObject:
  m_ObjectHideFlags: 0
  m_CorrespondingSourceObject: {fileID: 0}
  m_PrefabInstance: {fileID: 0}
  m_PrefabAsset: {fileID: 0}
  serializedVersion: 6
  m_Component:
  - component: {fileID: 6286925298717461334}
  - component: {fileID: 1710689168283319415}
  m_Layer: 0
  m_Name: Abe
  m_TagString: Untagged
  m_Icon: {fileID: 0}
  m_NavMeshLayer: 0
  m_StaticEditorFlags: 0
  m_IsActive: 1
--- !u!4 &6286925298717461334
Transform:
  m_ObjectHideFlags: 0
  m_CorrespondingSourceObject: {fileID: 0}
  m_PrefabInstance: {fileID: 0}
  m_PrefabAsset: {fileID: 0}
  m_GameObject: {fileID: 8165092859574867112}
  serializedVersion: 2
  m_LocalRotation: {x: -0, y: -0, z: -0, w: 1}
  m_LocalPosition: {x: 0, y: 0.01699999, z: 0}
  m_LocalScale: {x: 1, y: 1, z: 1}
  m_ConstrainProportionsScale: 0
  m_Children:
  - {fileID: 6263539813825961960}
  - {fileID: 6367757689788443023}
  m_Father: {fileID: 4163808492505652169}
  m_LocalEulerAnglesHint: {x: 0, y: 0, z: 0}
--- !u!95 &1710689168283319415
Animator:
  serializedVersion: 5
  m_ObjectHideFlags: 0
  m_CorrespondingSourceObject: {fileID: 0}
  m_PrefabInstance: {fileID: 0}
  m_PrefabAsset: {fileID: 0}
  m_GameObject: {fileID: 8165092859574867112}
  m_Enabled: 1
  m_Avatar: {fileID: 9000000, guid: a84c8ad741d1fbc4fb5683afc522aa87, type: 3}
  m_Controller: {fileID: 0}
  m_CullingMode: 1
  m_UpdateMode: 0
  m_ApplyRootMotion: 1
  m_LinearVelocityBlending: 0
  m_StabilizeFeet: 0
  m_WarningMessage: 
  m_HasTransformHierarchy: 1
  m_AllowConstantClipSamplingOptimization: 1
  m_KeepAnimatorStateOnDisable: 0
  m_WriteDefaultValuesOnDisable: 0
--- !u!1 &8523145147464692002
GameObject:
  m_ObjectHideFlags: 0
  m_CorrespondingSourceObject: {fileID: 0}
  m_PrefabInstance: {fileID: 0}
  m_PrefabAsset: {fileID: 0}
  serializedVersion: 6
  m_Component:
  - component: {fileID: 2034474479223684241}
  m_Layer: 0
  m_Name: mixamorig:LeftHandMiddle1
  m_TagString: Untagged
  m_Icon: {fileID: 0}
  m_NavMeshLayer: 0
  m_StaticEditorFlags: 0
  m_IsActive: 1
--- !u!4 &2034474479223684241
Transform:
  m_ObjectHideFlags: 0
  m_CorrespondingSourceObject: {fileID: 0}
  m_PrefabInstance: {fileID: 0}
  m_PrefabAsset: {fileID: 0}
  m_GameObject: {fileID: 8523145147464692002}
  serializedVersion: 2
  m_LocalRotation: {x: -0.038928006, y: 0.015802294, z: -0.06112719, w: 0.99724543}
  m_LocalPosition: {x: 0.012824365, y: 0.10336134, z: -0.008320262}
  m_LocalScale: {x: 1, y: 1, z: 1}
  m_ConstrainProportionsScale: 0
  m_Children:
  - {fileID: 8870073633242260031}
  m_Father: {fileID: 1915917804732707699}
  m_LocalEulerAnglesHint: {x: 0, y: 0, z: 0}
--- !u!1 &8671530206184957526
GameObject:
  m_ObjectHideFlags: 0
  m_CorrespondingSourceObject: {fileID: 0}
  m_PrefabInstance: {fileID: 0}
  m_PrefabAsset: {fileID: 0}
  serializedVersion: 6
  m_Component:
  - component: {fileID: 1915917804732707699}
  m_Layer: 0
  m_Name: mixamorig:LeftHand
  m_TagString: Untagged
  m_Icon: {fileID: 0}
  m_NavMeshLayer: 0
  m_StaticEditorFlags: 0
  m_IsActive: 1
--- !u!4 &1915917804732707699
Transform:
  m_ObjectHideFlags: 0
  m_CorrespondingSourceObject: {fileID: 0}
  m_PrefabInstance: {fileID: 0}
  m_PrefabAsset: {fileID: 0}
  m_GameObject: {fileID: 8671530206184957526}
  serializedVersion: 2
  m_LocalRotation: {x: 0.03946756, y: -0.0073445267, z: 0.061825916, w: 0.9972793}
  m_LocalPosition: {x: 2.2331281e-10, y: 0.30634606, z: 1.4518519e-11}
  m_LocalScale: {x: 1, y: 1, z: 1}
  m_ConstrainProportionsScale: 0
  m_Children:
  - {fileID: 5827013595323182974}
  - {fileID: 2034474479223684241}
  - {fileID: 2052423320778865617}
  - {fileID: 3335033901253575771}
  - {fileID: 58369593461398601}
  m_Father: {fileID: 8373910955625558198}
  m_LocalEulerAnglesHint: {x: 0, y: 0, z: 0}
--- !u!1 &8799165729684598328
GameObject:
  m_ObjectHideFlags: 0
  m_CorrespondingSourceObject: {fileID: 0}
  m_PrefabInstance: {fileID: 0}
  m_PrefabAsset: {fileID: 0}
  serializedVersion: 6
  m_Component:
  - component: {fileID: 5952432427345527004}
  m_Layer: 0
  m_Name: mixamorig:LeftHandMiddle4
  m_TagString: Untagged
  m_Icon: {fileID: 0}
  m_NavMeshLayer: 0
  m_StaticEditorFlags: 0
  m_IsActive: 1
--- !u!4 &5952432427345527004
Transform:
  m_ObjectHideFlags: 0
  m_CorrespondingSourceObject: {fileID: 0}
  m_PrefabInstance: {fileID: 0}
  m_PrefabAsset: {fileID: 0}
  m_GameObject: {fileID: 8799165729684598328}
  serializedVersion: 2
  m_LocalRotation: {x: 0, y: -0, z: -0, w: 1}
  m_LocalPosition: {x: -0.00023875113, y: 0.042846613, z: 0.0000000015792315}
  m_LocalScale: {x: 1, y: 1, z: 1}
  m_ConstrainProportionsScale: 0
  m_Children: []
  m_Father: {fileID: 1086794388292480315}
  m_LocalEulerAnglesHint: {x: 0, y: 0, z: 0}
--- !u!1 &8867133173702046731
GameObject:
  m_ObjectHideFlags: 0
  m_CorrespondingSourceObject: {fileID: 0}
  m_PrefabInstance: {fileID: 0}
  m_PrefabAsset: {fileID: 0}
  serializedVersion: 6
  m_Component:
  - component: {fileID: 1086794388292480315}
  m_Layer: 0
  m_Name: mixamorig:LeftHandMiddle3
  m_TagString: Untagged
  m_Icon: {fileID: 0}
  m_NavMeshLayer: 0
  m_StaticEditorFlags: 0
  m_IsActive: 1
--- !u!4 &1086794388292480315
Transform:
  m_ObjectHideFlags: 0
  m_CorrespondingSourceObject: {fileID: 0}
  m_PrefabInstance: {fileID: 0}
  m_PrefabAsset: {fileID: 0}
  m_GameObject: {fileID: 8867133173702046731}
  serializedVersion: 2
  m_LocalRotation: {x: -0.0000003492886, y: 0.00010846464, z: -0.0040729684, w: 0.9999917}
  m_LocalPosition: {x: 0.00013092736, y: 0.051010862, z: -0.0000000015272513}
  m_LocalScale: {x: 1, y: 1, z: 1}
  m_ConstrainProportionsScale: 0
  m_Children:
  - {fileID: 5952432427345527004}
  m_Father: {fileID: 8870073633242260031}
  m_LocalEulerAnglesHint: {x: 0, y: 0, z: 0}
--- !u!1 &8892962194417537906
GameObject:
  m_ObjectHideFlags: 0
  m_CorrespondingSourceObject: {fileID: 0}
  m_PrefabInstance: {fileID: 0}
  m_PrefabAsset: {fileID: 0}
  serializedVersion: 6
  m_Component:
  - component: {fileID: 8545902363341736188}
  m_Layer: 0
  m_Name: mixamorig:LeftHandIndex4
  m_TagString: Untagged
  m_Icon: {fileID: 0}
  m_NavMeshLayer: 0
  m_StaticEditorFlags: 0
  m_IsActive: 1
--- !u!4 &8545902363341736188
Transform:
  m_ObjectHideFlags: 0
  m_CorrespondingSourceObject: {fileID: 0}
  m_PrefabInstance: {fileID: 0}
  m_PrefabAsset: {fileID: 0}
  m_GameObject: {fileID: 8892962194417537906}
  serializedVersion: 2
  m_LocalRotation: {x: 0, y: -0, z: -0, w: 1}
  m_LocalPosition: {x: 0.00018553136, y: 0.039383564, z: 9.434055e-10}
  m_LocalScale: {x: 1, y: 1, z: 1}
  m_ConstrainProportionsScale: 0
  m_Children: []
  m_Father: {fileID: 1948754596941887138}
  m_LocalEulerAnglesHint: {x: 0, y: 0, z: 0}
--- !u!1 &8977204538885990783
GameObject:
  m_ObjectHideFlags: 0
  m_CorrespondingSourceObject: {fileID: 0}
  m_PrefabInstance: {fileID: 0}
  m_PrefabAsset: {fileID: 0}
  serializedVersion: 6
  m_Component:
  - component: {fileID: 7866345987295606301}
  m_Layer: 0
  m_Name: mixamorig:LeftHandRing2
  m_TagString: Untagged
  m_Icon: {fileID: 0}
  m_NavMeshLayer: 0
  m_StaticEditorFlags: 0
  m_IsActive: 1
--- !u!4 &7866345987295606301
Transform:
  m_ObjectHideFlags: 0
  m_CorrespondingSourceObject: {fileID: 0}
  m_PrefabInstance: {fileID: 0}
  m_PrefabAsset: {fileID: 0}
  m_GameObject: {fileID: 8977204538885990783}
  serializedVersion: 2
  m_LocalRotation: {x: -0.00000020495716, y: -0.0000425051, z: -0.0013140293, w: 0.99999917}
  m_LocalPosition: {x: 0.000030993586, y: 0.05001862, z: -8.5586777e-10}
  m_LocalScale: {x: 1, y: 1, z: 1}
  m_ConstrainProportionsScale: 0
  m_Children:
  - {fileID: 1607555101203337234}
  m_Father: {fileID: 3335033901253575771}
  m_LocalEulerAnglesHint: {x: 0, y: 0, z: 0}
--- !u!1 &9092534456703375451
GameObject:
  m_ObjectHideFlags: 0
  m_CorrespondingSourceObject: {fileID: 0}
  m_PrefabInstance: {fileID: 0}
  m_PrefabAsset: {fileID: 0}
  serializedVersion: 6
  m_Component:
  - component: {fileID: 6367757689788443023}
  m_Layer: 0
  m_Name: mixamorig:Hips
  m_TagString: Untagged
  m_Icon: {fileID: 0}
  m_NavMeshLayer: 0
  m_StaticEditorFlags: 0
  m_IsActive: 1
--- !u!4 &6367757689788443023
Transform:
  m_ObjectHideFlags: 0
  m_CorrespondingSourceObject: {fileID: 0}
  m_PrefabInstance: {fileID: 0}
  m_PrefabAsset: {fileID: 0}
  m_GameObject: {fileID: 9092534456703375451}
  serializedVersion: 2
  m_LocalRotation: {x: -0.0000037580812, y: -0.000004514222, z: 0.00014057731, w: 1}
  m_LocalPosition: {x: -0.000015880645, y: 0.9325909, z: -0.0064994083}
  m_LocalScale: {x: 1, y: 1, z: 1}
  m_ConstrainProportionsScale: 0
  m_Children:
  - {fileID: 3678383332502056857}
  - {fileID: 1730128710555139817}
  - {fileID: 103685002080818027}
  m_Father: {fileID: 6286925298717461334}
  m_LocalEulerAnglesHint: {x: 0, y: 0, z: 0}
--- !u!114 &-4681037397570878402
MonoBehaviour:
  m_ObjectHideFlags: 0
  m_CorrespondingSourceObject: {fileID: 0}
  m_PrefabInstance: {fileID: 0}
  m_PrefabAsset: {fileID: 0}
  m_GameObject: {fileID: 0}
  m_Enabled: 1
  m_EditorHideFlags: 0
  m_Script: {fileID: 11500000, guid: 0120b722c3ca5454da1240b65656905f, type: 3}
  m_Name: PlayerAbeEntityPrototype
  m_EditorClassIdentifier: 
  Settings:
    Identifier:
      Path: Resources/DB/PlayerAbe|EntityPrototype
      Guid:
        Value: 2451886608844670739
  Parent: {fileID: 4622060442154288331}
--- !u!114 &922005551106599977
MonoBehaviour:
  m_ObjectHideFlags: 0
  m_CorrespondingSourceObject: {fileID: 0}
  m_PrefabInstance: {fileID: 0}
  m_PrefabAsset: {fileID: 0}
  m_GameObject: {fileID: 0}
  m_Enabled: 1
  m_EditorHideFlags: 0
  m_Script: {fileID: 11500000, guid: 4d5baec4de8d2754a864a680181831e8, type: 3}
  m_Name: PlayerAbeEntityView
  m_EditorClassIdentifier: 
  Settings:
    Identifier:
      Path: Resources/DB/PlayerAbe|EntityView
      Guid:
        Value: 1399128456123024497
  Parent: {fileID: 7763196063477474192}
