%YAML 1.1
%TAG !u! tag:unity3d.com,2011:
--- !u!1 &2060224801234594696
GameObject:
  m_ObjectHideFlags: 0
  m_CorrespondingSourceObject: {fileID: 0}
  m_PrefabInstance: {fileID: 0}
  m_PrefabAsset: {fileID: 0}
  serializedVersion: 6
  m_Component:
  - component: {fileID: 7729883676168174588}
  - component: {fileID: 1636096831306283475}
  - component: {fileID: 809271348588974400}
  - component: {fileID: 5305720790180816308}
  - component: {fileID: -74328390328601950}
  m_Layer: 0
  m_Name: TestSphere
  m_TagString: Untagged
  m_Icon: {fileID: 0}
  m_NavMeshLayer: 0
  m_StaticEditorFlags: 0
  m_IsActive: 1
--- !u!4 &7729883676168174588
Transform:
  m_ObjectHideFlags: 0
  m_CorrespondingSourceObject: {fileID: 0}
  m_PrefabInstance: {fileID: 0}
  m_PrefabAsset: {fileID: 0}
  m_GameObject: {fileID: 2060224801234594696}
  serializedVersion: 2
  m_LocalRotation: {x: 0, y: 0, z: 0, w: 1}
  m_LocalPosition: {x: 0, y: 0.483, z: 0}
  m_LocalScale: {x: 1, y: 1, z: 1}
  m_ConstrainProportionsScale: 0
  m_Children:
  - {fileID: 3239794952138738743}
  m_Father: {fileID: 0}
  m_LocalEulerAnglesHint: {x: 0, y: 0, z: 0}
--- !u!114 &1636096831306283475
MonoBehaviour:
  m_ObjectHideFlags: 0
  m_CorrespondingSourceObject: {fileID: 0}
  m_PrefabInstance: {fileID: 0}
  m_PrefabAsset: {fileID: 0}
  m_GameObject: {fileID: 2060224801234594696}
  m_Enabled: 1
  m_EditorHideFlags: 0
  m_Script: {fileID: 11500000, guid: 836dcb7e0f6259748b850a10912ce727, type: 3}
  m_Name: 
  m_EditorClassIdentifier: 
  TransformMode: 1
  Transform2DVertical:
    IsEnabled: 0
    Height:
      RawValue: 0
    PositionOffset:
      RawValue: 0
  PhysicsCollider:
    IsTrigger: 0
    Material:
      Id:
        Value: 0
    SourceCollider: {fileID: 0}
    IsEnabled: 1
    Shape2D:
      ShapeType: 0
      PolygonCollider:
        Id:
          Value: 0
      CircleRadius:
        RawValue: 0
      EdgeExtent:
        RawValue: 0
      BoxExtents:
        X:
          RawValue: 0
        Y:
          RawValue: 0
      PositionOffset:
        X:
          RawValue: 0
        Y:
          RawValue: 0
      RotationOffset:
        RawValue: 0
      UserTag: 0
      IsPersistent: 1
      CompoundShapes: []
      IsSetFromSourceCollider: 0
    Shape3D:
      ShapeType: 1
      SphereRadius:
        RawValue: 32768
      PositionOffset:
        X:
          RawValue: 0
        Y:
          RawValue: 32768
        Z:
          RawValue: 0
      BoxExtents:
        X:
          RawValue: 0
        Y:
          RawValue: 0
        Z:
          RawValue: 0
      RotationOffset:
        X:
          RawValue: 0
        Y:
          RawValue: 0
        Z:
          RawValue: 0
      UserTag: 0
      IsPersistent: 1
      CompoundShapes: []
      IsSetFromSourceCollider: 0
    Layer: 0
    CallbackFlags:
      Value: 0
  PhysicsBody:
    IsEnabled: 1
    Version2D: 2
    Version3D: 2
    Config2D: 116
    Config3D: 58
    RotationFreeze: 0
    Mass:
      RawValue: 65536
    Drag:
      RawValue: 32768
    AngularDrag:
      RawValue: 32768
    CenterOfMass2D:
      X:
        RawValue: 0
      Y:
        RawValue: 0
    CenterOfMass3D:
      X:
        RawValue: 0
      Y:
        RawValue: 0
      Z:
        RawValue: 0
    GravityScale:
      _hasValue: 0
      _value:
        RawValue: 65536
  NavMeshPathfinder:
    IsEnabled: 0
    NavMeshAgentConfig:
      Id:
        Value: 0
    InitialTarget:
      IsEnabled: 0
      Target: {fileID: 0}
      Position:
        X:
          RawValue: 0
        Y:
          RawValue: 0
        Z:
          RawValue: 0
      NavMesh:
        Reference: {fileID: 0}
        Asset:
          Id:
            Value: 0
        Name: 
  NavMeshSteeringAgent:
    IsEnabled: 0
    MaxSpeed:
      IsEnabled: 0
      Value:
        RawValue: 0
    Acceleration:
      IsEnabled: 0
      Value:
        RawValue: 0
  NavMeshAvoidanceAgent:
    IsEnabled: 0
  View:
    Id:
      Value: 0
--- !u!114 &809271348588974400
MonoBehaviour:
  m_ObjectHideFlags: 0
  m_CorrespondingSourceObject: {fileID: 0}
  m_PrefabInstance: {fileID: 0}
  m_PrefabAsset: {fileID: 0}
  m_GameObject: {fileID: 2060224801234594696}
  m_Enabled: 1
  m_EditorHideFlags: 0
  m_Script: {fileID: 11500000, guid: d40818ad888adc3439499bab0a827f5b, type: 3}
  m_Name: 
  m_EditorClassIdentifier: 
  Prototype:
    Config:
      Id:
        Value: 4
--- !u!114 &5305720790180816308
MonoBehaviour:
  m_ObjectHideFlags: 0
  m_CorrespondingSourceObject: {fileID: 0}
  m_PrefabInstance: {fileID: 0}
  m_PrefabAsset: {fileID: 0}
  m_GameObject: {fileID: 2060224801234594696}
  m_Enabled: 1
  m_EditorHideFlags: 0
  m_Script: {fileID: 11500000, guid: 0008c51fe3af00b4da5d44f02d9b3dff, type: 3}
  m_Name: 
  m_EditorClassIdentifier: 
  BindBehaviour: 0
  ManualDisposal: 0
  GameObjectNameIsEntityRef: 1
  ErrorCorrectionRateMin: 3.3
  ErrorCorrectionRateMax: 10
  ErrorPositionBlendStart: 0.25
  ErrorPositionBlendEnd: 1
  ErrorRotationBlendStart: 0.1
  ErrorRotationBlendEnd: 0.5
  ErrorPositionMinCorrection: 0.025
  ErrorPositionTeleportDistance: 2
  ErrorRotationTeleportDistance: 0.5
  OnEntityInstantiated:
    m_PersistentCalls:
      m_Calls: []
  OnEntityDestroyed:
    m_PersistentCalls:
      m_Calls: []
--- !u!114 &-74328390328601950
MonoBehaviour:
  m_ObjectHideFlags: 0
  m_CorrespondingSourceObject: {fileID: 0}
  m_PrefabInstance: {fileID: 0}
  m_PrefabAsset: {fileID: 0}
  m_GameObject: {fileID: 2060224801234594696}
  m_Enabled: 1
  m_EditorHideFlags: 0
  m_Script: {fileID: 11500000, guid: 6aabe6380e114a14bb18d55f5a442d5d, type: 3}
  m_Name: 
  m_EditorClassIdentifier: 
  Prototype:
    Player:
      _index: 1
--- !u!1 &8334252699536342920
GameObject:
  m_ObjectHideFlags: 0
  m_CorrespondingSourceObject: {fileID: 0}
  m_PrefabInstance: {fileID: 0}
  m_PrefabAsset: {fileID: 0}
  serializedVersion: 6
  m_Component:
  - component: {fileID: 3239794952138738743}
  - component: {fileID: 4175688595726837358}
  - component: {fileID: 7825581565106700712}
  m_Layer: 0
  m_Name: Sphere
  m_TagString: Untagged
  m_Icon: {fileID: 0}
  m_NavMeshLayer: 0
  m_StaticEditorFlags: 0
  m_IsActive: 1
--- !u!4 &3239794952138738743
Transform:
  m_ObjectHideFlags: 0
  m_CorrespondingSourceObject: {fileID: 0}
  m_PrefabInstance: {fileID: 0}
  m_PrefabAsset: {fileID: 0}
  m_GameObject: {fileID: 8334252699536342920}
  serializedVersion: 2
  m_LocalRotation: {x: -0, y: -0, z: -0, w: 1}
  m_LocalPosition: {x: 0, y: 0.5, z: 0}
  m_LocalScale: {x: 1, y: 1, z: 1}
  m_ConstrainProportionsScale: 0
  m_Children: []
  m_Father: {fileID: 7729883676168174588}
  m_LocalEulerAnglesHint: {x: 0, y: 0, z: 0}
--- !u!33 &4175688595726837358
MeshFilter:
  m_ObjectHideFlags: 0
  m_CorrespondingSourceObject: {fileID: 0}
  m_PrefabInstance: {fileID: 0}
  m_PrefabAsset: {fileID: 0}
  m_GameObject: {fileID: 8334252699536342920}
  m_Mesh: {fileID: 10207, guid: 0000000000000000e000000000000000, type: 0}
--- !u!23 &7825581565106700712
MeshRenderer:
  m_ObjectHideFlags: 0
  m_CorrespondingSourceObject: {fileID: 0}
  m_PrefabInstance: {fileID: 0}
  m_PrefabAsset: {fileID: 0}
  m_GameObject: {fileID: 8334252699536342920}
  m_Enabled: 1
  m_CastShadows: 1
  m_ReceiveShadows: 1
  m_DynamicOccludee: 1
  m_StaticShadowCaster: 0
  m_MotionVectors: 1
  m_LightProbeUsage: 1
  m_ReflectionProbeUsage: 1
  m_RayTracingMode: 2
  m_RayTraceProcedural: 0
  m_RenderingLayerMask: 1
  m_RendererPriority: 0
  m_Materials:
  - {fileID: 10303, guid: 0000000000000000f000000000000000, type: 0}
  m_StaticBatchInfo:
    firstSubMesh: 0
    subMeshCount: 0
  m_StaticBatchRoot: {fileID: 0}
  m_ProbeAnchor: {fileID: 0}
  m_LightProbeVolumeOverride: {fileID: 0}
  m_ScaleInLightmap: 1
  m_ReceiveGI: 1
  m_PreserveUVs: 0
  m_IgnoreNormalsForChartDetection: 0
  m_ImportantGI: 0
  m_StitchLightmapSeams: 1
  m_SelectedEditorRenderState: 3
  m_MinimumChartSize: 4
  m_AutoUVMaxDistance: 0.5
  m_AutoUVMaxAngle: 89
  m_LightmapParameters: {fileID: 0}
  m_SortingLayerID: 0
  m_SortingLayer: 0
  m_SortingOrder: 0
  m_AdditionalVertexStreams: {fileID: 0}
--- !u!114 &-8873653719707872833
MonoBehaviour:
  m_ObjectHideFlags: 0
  m_CorrespondingSourceObject: {fileID: 0}
  m_PrefabInstance: {fileID: 0}
  m_PrefabAsset: {fileID: 0}
  m_GameObject: {fileID: 0}
  m_Enabled: 1
  m_EditorHideFlags: 0
  m_Script: {fileID: 11500000, guid: 4d5baec4de8d2754a864a680181831e8, type: 3}
  m_Name: TestSphereEntityView
  m_EditorClassIdentifier: 
  Settings:
    Identifier:
      Path: Resources/DB/TestSphere|EntityView
      Guid:
        Value: 196940761003179250
  Parent: {fileID: 5305720790180816308}
--- !u!114 &5708916699780670223
MonoBehaviour:
  m_ObjectHideFlags: 0
  m_CorrespondingSourceObject: {fileID: 0}
  m_PrefabInstance: {fileID: 0}
  m_PrefabAsset: {fileID: 0}
  m_GameObject: {fileID: 0}
  m_Enabled: 1
  m_EditorHideFlags: 0
  m_Script: {fileID: 11500000, guid: 0120b722c3ca5454da1240b65656905f, type: 3}
  m_Name: TestSphereEntityPrototype
  m_EditorClassIdentifier: 
  Settings:
    Identifier:
      Path: Resources/DB/TestSphere|EntityPrototype
      Guid:
        Value: 3620378245490525777
  Parent: {fileID: 1636096831306283475}
